% This file was created with JabRef 2.7.2.
% Encoding: UTF-8

@article{Aad:2012hba,
	author         = "Aad, Georges and others",
	title          = "{Search for direct production of charginos and
	neutralinos in events with three leptons and missing
	transverse momentum in $\sqrt{s}=7$ TeV $pp$ collisions
	with the ATLAS detector}",
	collaboration  = "ATLAS",
	journal        = "Phys. Lett.",
	volume         = "B718",
	year           = "2013",
	pages          = "841-859",
	doi            = "10.1016/j.physletb.2012.11.039",
	eprint         = "1208.3144",
	archivePrefix  = "arXiv",
	primaryClass   = "hep-ex",
	reportNumber   = "CERN-PH-EP-2012-217",
	SLACcitation   = "%%CITATION = ARXIV:1208.3144;%%"
}

@article{Hinchliffe:1999zc,
	author         = "Hinchliffe, I. and Paige, F. E.",
	title          = "{Measurements in SUGRA models with large tan beta at CERN
	LHC}",
	journal        = "Phys. Rev.",
	volume         = "D61",
	year           = "2000",
	pages          = "095011",
	doi            = "10.1103/PhysRevD.61.095011",
	eprint         = "hep-ph/9907519",
	archivePrefix  = "arXiv",
	primaryClass   = "hep-ph",
	reportNumber   = "LBNL-43048, BNL-HET-99-10, ATL-COM-PHYS-99-018,
	LBL-43048",
	SLACcitation   = "%%CITATION = HEP-PH/9907519;%%"
}

@article{Datta:2002vy,
	author         = "Datta, Anindya and Huitu, Katri",
	title          = "{Characteristic slepton signal in anomaly mediated SUSY
	breaking models via gauge boson fusion at the CERN LHC}",
	journal        = "Phys. Rev.",
	volume         = "D67",
	year           = "2003",
	pages          = "115006",
	doi            = "10.1103/PhysRevD.67.115006",
	eprint         = "hep-ph/0211319",
	archivePrefix  = "arXiv",
	primaryClass   = "hep-ph",
	reportNumber   = "HIP-2002-54-TH",
	SLACcitation   = "%%CITATION = HEP-PH/0211319;%%"
}

@article{Nanava:2003cg,
	author         = "Nanava, G. and Was, Z.",
	title          = "{How to use SANC to improve the PHOTOS Monte Carlo
	simulation of bremsstrahlung in leptonic W boson decays}",
	booktitle      = "{Heavy flavors. Proceedings, 9th Epiphany Conference,
	Cracow, Poland, January 3-6, 2003}",
	journal        = "Acta Phys. Polon.",
	volume         = "B34",
	year           = "2003",
	pages          = "4561-4570",
	eprint         = "hep-ph/0303260",
	archivePrefix  = "arXiv",
	primaryClass   = "hep-ph",
	reportNumber   = "CERN-TH-2003-075",
	SLACcitation   = "%%CITATION = HEP-PH/0303260;%%"
}

@article{Miu:1998ju,
	author         = "Miu, Gabriela and Sjostrand, Torbjorn",
	title          = "{$W$ production in an improved parton shower approach}",
	journal        = "Phys. Lett.",
	volume         = "B449",
	year           = "1999",
	pages          = "313-320",
	doi            = "10.1016/S0370-2693(99)00068-4",
	eprint         = "hep-ph/9812455",
	archivePrefix  = "arXiv",
	primaryClass   = "hep-ph",
	reportNumber   = "LU-TP-98-30",
	SLACcitation   = "%%CITATION = HEP-PH/9812455;%%"
}

@article{ATLAS:2012ab,
	author         = "Aad, Georges and others",
	title          = "{Search for anomaly-mediated supersymmetry breaking with
	the ATLAS detector based on a disappearing-track signature
	in $pp$ collisions at $\sqrt{s}=7$ TeV}",
	collaboration  = "ATLAS",
	journal        = "Eur. Phys. J.",
	volume         = "C72",
	year           = "2012",
	pages          = "1993",
	doi            = "10.1140/epjc/s10052-012-1993-2",
	eprint         = "1202.4847",
	archivePrefix  = "arXiv",
	primaryClass   = "hep-ex",
	reportNumber   = "CERN-PH-EP-2011-210",
	SLACcitation   = "%%CITATION = ARXIV:1202.4847;%%"
}

@article{Chatrchyan:2012mea,
	author         = "Chatrchyan, Serguei and others",
	title          = "{Search for anomalous production of multilepton events in
	$pp$ collisions at $\sqrt{s}=7$ TeV}",
	collaboration  = "CMS",
	journal        = "JHEP",
	volume         = "06",
	year           = "2012",
	pages          = "169",
	doi            = "10.1007/JHEP06(2012)169",
	eprint         = "1204.5341",
	archivePrefix  = "arXiv",
	primaryClass   = "hep-ex",
	reportNumber   = "CMS-SUS-11-013, CERN-PH-EP-2012-110",
	SLACcitation   = "%%CITATION = ARXIV:1204.5341;%%"
}


@article{Carena:2011aa,
	author         = "Carena, Marcela and Gori, Stefania and Shah, Nausheen R.
	and Wagner, Carlos E. M.",
	title          = "{A 125 GeV SM-like Higgs in the MSSM and the $\gamma
	\gamma$ rate}",
	journal        = "JHEP",
	volume         = "03",
	year           = "2012",
	pages          = "014",
	doi            = "10.1007/JHEP03(2012)014",
	eprint         = "1112.3336",
	archivePrefix  = "arXiv",
	primaryClass   = "hep-ph",
	reportNumber   = "ANL-HEP-PR-88, EFI-11-35, FERMILAB-PUB-11-659-T",
	SLACcitation   = "%%CITATION = ARXIV:1112.3336;%%"
}

@article{Griest:1990kh,
	author         = "Griest, Kim and Seckel, David",
	title          = "{Three exceptions in the calculation of relic
	abundances}",
	journal        = "Phys. Rev.",
	volume         = "D43",
	year           = "1991",
	pages          = "3191-3203",
	doi            = "10.1103/PhysRevD.43.3191",
	reportNumber   = "CFPA-TH-90-001A, BA-90-79",
	SLACcitation   = "%%CITATION = PHRVA,D43,3191;%%"
}

@article{Dutta:2012xe,
	author         = "Dutta, Bhaskar and Gurrola, Alfredo and Johns, Will and
	Kamon, Teruki and Sheldon, Paul and Sinha, Kuver",
	title          = "{Vector Boson Fusion Processes as a Probe of
	Supersymmetric Electroweak Sectors at the LHC}",
	journal        = "Phys. Rev.",
	volume         = "D87",
	year           = "2013",
	number         = "3",
	pages          = "035029",
	doi            = "10.1103/PhysRevD.87.035029",
	eprint         = "1210.0964",
	archivePrefix  = "arXiv",
	primaryClass   = "hep-ph",
	SLACcitation   = "%%CITATION = ARXIV:1210.0964;%%"
}

@article{Bjorken:1992er,
	author         = "Bjorken, J. D.",
	title          = "{Rapidity gaps and jets as a new physics signature in
	very high-energy hadron hadron collisions}",
	journal        = "Phys. Rev.",
	volume         = "D47",
	year           = "1993",
	pages          = "101-113",
	doi            = "10.1103/PhysRevD.47.101",
	reportNumber   = "SLAC-PUB-5616",
	SLACcitation   = "%%CITATION = PHRVA,D47,101;%%"
}

@article{Martin:1997ns,
	author         = "Martin, Stephen P.",
	title          = "{A Supersymmetry primer}",
	year           = "1997",
	doi            = "10.1142/9789812839657_0001, 10.1142/9789814307505_0001",
	note           = "[Adv. Ser. Direct. High Energy Phys.18,1(1998)]",
	eprint         = "hep-ph/9709356",
	archivePrefix  = "arXiv",
	primaryClass   = "hep-ph",
	reportNumber   = "FERMILAB-PUB-97-425-T",
	SLACcitation   = "%%CITATION = HEP-PH/9709356;%%"
}

@ARTICLE{PhysRevD.90.013005,
	title = {Radiative neutrino mass in 3-3-1 scheme},
	author = {Boucenna, Sofiane M. and Morisi, Stefano and Valle, Jos\'e W. F.},
	journal = {Phys. Rev. D},
	volume = {90},
	issue = {1},
	pages = {013005},
	numpages = {5},
	year = {2014},
	month = {Jul},
	publisher = {American Physical Society},
	doi = {10.1103/PhysRevD.90.013005},
	url = {http://link.aps.org/doi/10.1103/PhysRevD.90.013005}
}

@ARTICLE{Abe:1995hr,
  author = {Abe, F. and others},
  title = {{Observation of top quark production in $\bar{p}p$ collisions}},
  journal = {Phys.Rev.Lett.},
  year = {1995},
  volume = {74},
  pages = {2626-2631},
  archiveprefix = {arXiv},
  collaboration = {CDF Collaboration},
  doi = {10.1103/PhysRevLett.74.2626},
  eprint = {hep-ex/9503002},
  owner = {adraeger},
  primaryclass = {hep-ex},
  reportnumber = {FERMILAB-PUB-95-022-E, CDF-PUB-TOP-PUBLIC-3040, ANL-HEP-PR-95-44},
  slaccitation = {%%CITATION = HEP-EX/9503002;%%},
  timestamp = {2012.04.10}
}

@ARTICLE{Martin:1997ns,
  author = {Martin, Stephen P.},
  title = {{A Supersymmetry primer}},
  year = {1997},
  archiveprefix = {arXiv},
  eprint = {hep-ph/9709356},
  owner = {adraeger},
  primaryclass = {hep-ph},
  slaccitation = {%%CITATION = HEP-PH/9709356;%%},
  timestamp = {2012.04.10}
}

@ARTICLE{Spiesberger:2000ks,
  author = {Spiesberger, H. and Spira, M. and Zerwas, P.M.},
  title = {{The Standard model: Physical basis and scattering experiments}},
  year = {2000},
  note = {To be published in 'Scattering', P. Sabatier, editor. Academic Press,
	London, 2000},
  archiveprefix = {arXiv},
  eprint = {hep-ph/0011255},
  primaryclass = {hep-ph},
  reportnumber = {DESY-T-00-01, MZ-TH-00-53, PSI-PR-00-17},
  slaccitation = {%%CITATION = HEP-PH/0011255;%%}
}
%PDF master equation
@article{Bourilkov:2006cj,
      author         = "Bourilkov, D and Group, R C and Whalley, M R",
      title          = "{LHAPDF: PDF use from the Tevatron to the LHC}",
      year           = "2006",
      eprint         = "hep-ph/0605240",
      archivePrefix  = "arXiv",
      primaryClass   = "hep-ph",
      SLACcitation   = "%%CITATION = HEP-PH/0605240;%%",
}
@ELECTRONIC{electroweak:2010,
      author         = "Electroweak groupe CMS",
      title          = "Electroweak utilities for MC corrections and systematics evaluation",
      url            = {https://twiki.cern.ch/twiki/bin/view/CMSPublic/SWGuideEWKUtilities?redirectedfrom=CMS.SWGuideEWKUtilities#Assigning_PDF_systematics_System},
      timestamp      = "2012.04.26",

}
@ELECTRONIC{tevatronPlots:2010,
      author         = "Tevatron",
      title          = "TeVatron Feynman Diagrams",
      url            = {http://www-d0.fnal.gov/Run2Physics/top/top_public_web_pages/top_feynman_diagrams.html},
      timestamp      = "2012.04.26",

}
@ARTICLE{AN:2012,
      author         = "CMS",
      title          = "Inclusive search for new physics at CMS with the jets and missing momentum signature",
      url            = {http://dummy.dumm},
      timestamp      = "2012.04.26",

}
@ELECTRONIC{wikiHiggs,
      author         = "Wikipedia",
      title          = "File:Mecanismo de Higgs PH.png",
      url            = {http://en.wikipedia.org/wiki/File:Mecanismo_de_Higgs_PH.png},
      timestamp      = "2012.04.26",

}
%%% Tevatron upper Higgs mass limits
@article{CDFandD0:2011aa,
      key            = "920558",
      title          = "{Combined CDF and D0 Upper Limits on Standard Model Higgs
                        Boson Production with up to 8.6 fb$^{-1}$ of Data}",
      collaboration  = "TEVNPH (Tevatron New Phenomina and Higgs Working Group),
                        CDF and D0 Collaboration",
      year           = "2011",
      note           = "Sumitted to the EPS 2011 Conference",
      eprint         = "1107.5518",
      archivePrefix  = "arXiv",
      primaryClass   = "hep-ex",
      reportNumber   = "FERMILAB-CONF-11-354-E",
      SLACcitation   = "%%CITATION = ARXIV:1107.5518;%%",
}


@article{Ahmed:2003sy,
      author         = "Ahmed, S.N. and others",
      title          = "{Constraints on nucleon decay via 'invisible' modes from
                        the Sudbury Neutrino Observatory}",
      collaboration  = "SNO Collaboration",
      journal        = "Phys.Rev.Lett.",
      volume         = "92",
      pages          = "102004",
      doi            = "10.1103/PhysRevLett.92.102004",
      year           = "2004",
      eprint         = "hep-ex/0310030",
      archivePrefix  = "arXiv",
      primaryClass   = "hep-ex",
      SLACcitation   = "%%CITATION = HEP-EX/0310030;%%",
}



%%%% matthias refs




@article{Agashe:2014kda,
	author         = "Olive, K. A. and others",
	title          = "{Review of Particle Physics}",
	collaboration  = "Particle Data Group",
	journal        = "Chin. Phys.",
	volume         = "C38",
	year           = "2014",
	pages          = "090001",
	doi            = "10.1088/1674-1137/38/9/090001",
	SLACcitation   = "%%CITATION = CHPHD,C38,090001;%%"
}

@Inbook{bib:Stoerig:Philosophie,
  Author    = {Hans Joachim St{\"o}rig},
  Title     = {Kleine Weltgeschichte der Philosophie},
  Publisher = {Kohlhammer},
  Year      = {1999},
  Edition   = {17.},
  Pages     = {154 -- 157},
  Address   = {Stuttgart},
  Note      = {ISBN 3-17-016070-2}
}



% --- The Standard Model ----------------------------------
@Book{bib:Schmuser:FeynmanGraphs,
  Author    = {P. Schm{\"u}ser},
  Title     = {Feynman-Graphen und Eichtheorien f{\"u}r Experimentalphysiker},
  Series    = {Lecture Notes in Physics},
  Publisher = {Springer},
  Year      = {1988},
  Address   = {Berlin, Heidelberg, New York, London, Paris, Tokyo},
  Note      = {ISBN 0-387-18797-9}
}

@Book{bib:AitchisonHey:GaugeTheories1,
  Author    = {I.J.R. Aitchison and A.J.G. Hey},
  Title     = {Gauge Theories in Particle Physics -- Volume 1: From Relativistic Quantum Mechanics to QED},
  Series    = {Graduate Student Series in Physics},
  Publisher = {Taylor \& Francis},
  Year      = {2002},
  Edition   = {Third},
  Note      = {ISBN 0-750-30864-8}
}

@Book{bib:AitchisonHey:GaugeTheories2,
  Author    = {I.J.R. Aitchison and A.J.G. Hey},
  Title     = {Gauge Theories in Particle Physics -- Volume 2: QCD and the Electroweak Theory},
  Series    = {Graduate Student Series in Physics},
  Publisher = {Taylor \& Francis},
  Year      = {2003},
  Edition   = {Third},
  Note      = {ISBN 0-750-30950-4}
}

@book{bib:berger,
  Author = {Christoph Berger},
  Title = {Elementarteilchenphysik: Von den Grundlagen zu den modernen Experimenten},
  Series = {Springer-Lehrbuch},
  Publisher = {Springer},
  Address   = {Berlin, Heidelberg, New York},
  Year = {2002},
  note = {ISBN 3-540-41515-7}
}

@book{bib:MandlShaw:QFT,
  Author = {Franz Mandl and Graham G. Shaw},
  Title = {Quantum Field Theory},
  Publisher = {Wiley},
  Year = {1993},
  Note = {ISBN 0-471-94186-7}
}

@Article{Fermi:1934,
      author         = {Enrico Fermi},
      title          = "{Versuch einer Theorie der Betastrahlen}",
      journal        = "{Zeitschrift f{\"u}r Physik}",
      volume         = "88",
      pages          = "161",
      year           = "1934"
}

@Article{Glashow:1961tr,
      author         = {Glashow, S.L.},
      title          = "{Partial Symmetries of Weak Interactions}",
      journal        = "Nucl.Phys.",
      volume         = "22",
      pages          = "579-588",
      doi            = "10.1016/0029-5582(61)90469-2",
      year           = "1961",
}

@Article{Weinberg:1967tq,
      author         = {Weinberg, Steven},
      title          = "{A Model of Leptons}",
      journal        = "Phys.Rev.Lett.",
      volume         = "19",
      pages          = "1264-1266",
      doi            = "10.1103/PhysRevLett.19.1264",
      year           = "1967",
}

@Article{Hasert:1973cr,
     author    = "Hasert, F. J. and others",
 collaboration = "Gargamelle Neutrino",
     title     = "{Search for elastic muon neutrino electron scattering}",
     journal   = "Phys. Lett.",
     volume    = "B46",
     year      = "1973",
     pages     = "121-124",
     doi       = "10.1016/0370-2693(73)90494-2",
     SLACcitation  = "%%CITATION = PHLTA,B46,121;%%"
}

@Article{Hasert:1973ff,
     author    = "Hasert, F. J. and others",
 collaboration = "Gargamelle Neutrino",
     title     = "{Observation of neutrino-like interactions without muon or electron in  the Gargamelle neutrino experiment}",
     journal   = "Phys. Lett.",
     volume    = "B46",
     year      = "1973",
     pages     = "138-140",
     doi       = "10.1016/0370-2693(73)90499-1",
     SLACcitation  = "%%CITATION = PHLTA,B46,138;%%"
}

@article{Arnison1983103,
title = "Experimental observation of isolated large transverse energy electrons with associated missing energy at \mbox{$\sqrt{s}=540\gev$}",
journal = "Physics Letters B",
volume = "122",
number = "1",
pages = "103 - 116",
year = "1983",
note = "",
issn = "0370-2693",
doi = "10.1016/0370-2693(83)91177-2",
url = "http://www.sciencedirect.com/science/article/pii/0370269383911772",
collaboration = "UA1",
author = "G. Arnison and A. Astbury and B. Aubert and C. Bacci and G. Bauer and A. BÃ©zaguet and R. BÃ¶ck and T.J.V. Bowcock and M. Calvetti and T. Carroll and P. Catz and P. Cennini and S. Centro and F. Ceradini and S. Cittolin and D. Cline and C. Cochet and J. Colas and M. Corden and D. Dallman and M. DeBeer and M. Della Negra and M. Demoulin and D. Denegri and A. Di Ciaccio and D. DiBitonto and L. Dobrzynski and J.D. Dowell and M. Edwards and K. Eggert and E. Eisenhandler and N. Ellis and P. Erhard and H. Faissner and G. Fontaine and R. Frey and R. FrÃ¼hwirth and J. Garvey and S. Geer and C. GhesquiÃ¨re and P. Ghez and K.L. Giboni and W.R. Gibson and Y. Giraud-HÃ©raud and A. Givernaud and A. Gonidec and G. Grayer and P. Gutierrez and T. Hansl-Kozanecka and W.J. Haynes and L.O. Hertzberger and C. Hodges and D. Hoffmann and H. Hoffmann and D.J. Holthuizen and R.J. Homer and A. Honma and W. Jank and G. Jorat and P.I.P. Kalmus and V. KarimÃ¤ki and R. Keeler and I. Kenyon and A. Kernan and R. Kinnunen and H. Kowalski and W. Kozanecki and D. Kryn and F. Lacava and J.-P. Laugier and J.-P. Lees and H. Lehmann and K. Leuchs and A. LÃ©vÃªque and E. Linglin and E. Locci and M. Loret and J.-J. Malosse and T. Markiewicz and G. Maurin and T. McMahon and J.-P. Mendiburu and M.-N. Minard and M. Moricca and H. Muirhead and F. Muller and A.K. Nandi and L. Naumann and A. Norton and A. Orkin-Lecourtois and L. Paoluzi and G. Petrucci and G.Piano Mortari and M. PimiÃ¤ and A. Placci and E. Radermacher and J. Ransdell and H. Reithler and J.-P. Revol and J. Rich and M. Rijssenbeek and C. Roberts and J. Rohlf and P. Rossi and C. Rubbia and B. Sadoulet and G. Sajot and G. Salvi and J. Salvini and J. Sass and A. Saudraix and A. Savoy-Navarro and D. Schinzel and W. Scott and T.P. Shah and M. Spiro and J. Strauss and K. Sumorok and F. Szoncso and D. Smith and C. Tao and G. Thompson and J. Timmer and E. Tscheslog and J. Tuominiemi and S. Van der Meer and J.-P. Vialle and J. Vrana and V. Vuillemin and H.D. Wahl and P. Watkins and J. Wilson and Y.G. Xie and M. Yvert and E. Zurfluh"
}

@article{Arnison1983398,
title = "Experimental observation of lepton pairs of invariant mass around 95\gev/c${}^{2}$ at the CERN SPS collider",
journal = "Physics Letters B",
volume = "126",
number = "5",
pages = "398 - 410",
year = "1983",
note = "",
issn = "0370-2693",
doi = "10.1016/0370-2693(83)90188-0",
url = "http://www.sciencedirect.com/science/article/pii/0370269383901880",
collaboration = "UA1",
author = "G. Arnison and A. Astbury and B. Aubert and C. Bacci and G. Bauer and A. BÃ©zaguet and R. BÃ¶ck and T.J.V. Bowcock and M. Calvetti and P. Catz and P. Cennini and S. Centro and F. Ceradini and S. Cittolin and D. Cline and C. Cochet and J. Colas and M. Corden and D. Dallman and D. Dau and M. DeBeer and M.Della Negra and M. Demoulin and D. Denegri and A. Di Ciaccio and D. Dibitonto and L. Dobrzynski and J.D. Dowell and K. Eggert and E. Eisenhandler and N. Ellis and P. Erhard and H. Faissner and M. Fincke and G. Fontaine and R. Frey and R. FrÃ¼hwirth and J. Garvey and S. Geer and C. GhesquiÃ¨re and P. Ghez and K. Giboni and W.R. Gibson and Y. Giraud-HÃ©raud and A. Givernaud and A. Gonidec and G. Grayer and T. Hansl-KozaÈ§ecka and W.J. Haynes and L.O. Hertzberger and C. Hodges and D. Hoffmann and H. Hoffmann and D.J. Holthuizen and R.J. Homer and A. Honma and W. Jank and G. Jorat and P.I.P. Kalmus and V. KarimÃ¤ki and R. Keeler and I. Kenyon and A. Kernan and R. Kinnunen and W. Kozanecki and D. Kryn and F. Lacava and J.-P. Laugier and J.-P. Lees and H. Lehmann and R. Leuchs and A. LÃ©vÃªque and D. Linglin and E. Locci and J.-J. Malosse and T. Markiewicz and G. Maurin and T. McMahon and J.-P. Mendiburu and M.-N. Minard and M. Mohammadi and M. Moricca and K. Morgan and H. Muirhead and F. Muller and A.K. Nandi and L. Naumann and A. Norton and A. Orkin-Lecourtois and L. Paoluzi and F. Pauss and G.Piano Mortari and E. Pietarinen and M. PimiÃ¤ and A. Placci and J.P. Porte and E. Radermacher and J. Ransdell and H. Reithler and J.-P. Revol and J. Rich and M. Rijssenbeek and C. Roberts and J. Rohlf and P. Rossi and C. Rubbia and B. Sadoulet and G. Sajot and G. Salvi and G. Salvini and J. Sass and J. Saudraix and A. Savoy-Navarro and D. Schinzel and W. Scott and T.P. Shah and M. Spiro and J. Strauss and J. Streets and K. Sumorok and F. Szoncso and D. Smith and C. Tao and G. Thompson and J. Timmer and E. Tscheslog and J. Touminiemi and B. Van Eijk and J.-P. Vialle and J. Vrana and V. Vuillemin and H.D. Wahl and P. Watkins and J. Wilson and C. Wulz and G.Y. Xie and M. Yvert and E. Zurfluh"
}

@Article{Maki:1962mu,
     author    = "Maki, Ziro and Nakagawa, Masami and Sakata, Shoichi",
     title     = "{Remarks on the unified model of elementary particles}",
     journal   = "Prog. Theor. Phys.",
     volume    = "28",
     year      = "1962",
     pages     = "870-880",
     doi       = "10.1143/PTP.28.870",
     SLACcitation  = "%%CITATION = PTPKA,28,870;%%"
}

@article{Pontecorvo:1967fh,
      author         = "Pontecorvo, B.",
      title          = "{Neutrino Experiments and the Problem of Conservation of
                        Leptonic Charge}",
      journal        = "Sov.Phys.JETP",
      volume         = "26",
      pages          = "984-988",
      year           = "1968",
      SLACcitation   = "%%CITATION = SPHJA,26,984;%%",
}

@article{PhysRevLett.20.1205,
  volume = {20},
  journal = {Phys. Rev. Lett.},
  author = {Davis, Raymond and Harmer, Don S. and Hoffman, Kenneth C.},
  url = {http://link.aps.org/doi/10.1103/PhysRevLett.20.1205},
  doi = {10.1103/PhysRevLett.20.1205},
  year = {1968},
  title = {Search for Neutrinos from the Sun},
  issue = {21},
  publisher = {American Physical Society},
  pages = {1205 -- 1209}
}

@article{B198767,
title = "{$e^{+}e^{-}$ physics with the jade detector at petra}",
journal = "Physics Reports",
volume = "148",
number = "2-3",
pages = "67 - 215",
year = "1987",
note = "",
issn = "0370-1573",
doi = "10.1016/0370-1573(87)90031-7",
url = "http://www.sciencedirect.com/science/article/pii/0370157387900317",
author = "B. Naroska"
}

@article{PhysRev.139.B1006,
  volume = {139},
  journal = {Phys. Rev.},
  month = {Aug},
  title = {Three-Triplet Model with Double $SU(3)$ Symmetry},
  author = {Han, M. Y. and Nambu, Y.},
  year = {1965},
  url = {http://link.aps.org/doi/10.1103/PhysRev.139.B1006},
  doi = {10.1103/PhysRev.139.B1006},
  issue = {4B},
  publisher = {American Physical Society},
  pages = {B1006 -- B1010}
}

@Article{Bardeen:1972xk,
     author    = "Bardeen, William A. and Fritzsch, H. and Gell-Mann, Murray
                  ",
     title     = "{Light-cone current algebra, $\pi^{0}$ decay, and $e^{+}e^{-}$ annihilation}",
     year      = "1972",
     eprint    = "hep-ph/0211388",
     archivePrefix = "arXiv",
     SLACcitation  = "%%CITATION = HEP-PH/0211388;%%"
}

@article{Brandelik1979243,
collaboration = {TASSO},
title = "Evidence for planar events in $e^{+}e^{-}$ annihilation at high energies",
journal = "Physics Letters B",
volume = "86",
number = "2",
pages = "243 - 249",
year = "1979",
note = "",
issn = "0370-2693",
doi = "10.1016/0370-2693(79)90830-X",
url = "http://www.sciencedirect.com/science/article/pii/037026937990830X",
author = {R. Brandelik and W. Braunschweig and K. Gather and V. Kadansky and K. L{\"u}belsmeyer and P. M{\"a}ttig and H.-U. Martyn and G. Peise and J. Rimkus and H.G. Sander and D. Schmitz and A. Schultz von Dratzig and D. Trines and W. Wallraff and H. Boerner and H.M. Fischer and H. Hartmann and E. Hilger and W. Hillen and G. Knop and W. Korbach and P. Leu and B. L{\"o}hr and F. Roth and W. R{\"u}hmer and R. Wedemeyer and N. Wermes and M. Wollstadt and R. B{\"u}hring and R. Fohrmann and D. Heyland and H. Hultschig and P. Joos and W. Koch and U. K{\"o}tz and H. Kowalski and A. Ladage and D. L{\"u}ke and H.L. Lynch and G. Mikenberg and D. Notz and J. Pyrlik and R. Riethm{\"u}ller and M. Schliwa and P. Soding and B.H. Wiik and G. Wolf and M. Holder and G. Poelz and J. Ringel and O. R{\"o}mer and R. R{\"u}sch and P. Schm{\"u}ser and D.M. Binnie and P.J. Dornan and N.A. Downie and D.A. Garbutt and W.G. Jones and S.L. Lloyd and D. Pandoulas and A. Pevsner and J. Sedgebeer and S. Yarker and C. Youngman and R.J. Barlow and R.J. Cashmore and J. Illingworth and M. Ogg and G.L. Salmon and K.W. Bell and W. Chinowsky and B. Foster and J.C. Hart and J. Proudfoot and D.R. Quarrie and D.H. Saxon and P.L. Woodworth and Y. Eisenberg and U. Karshon and E. Kogan and D. Revel and E. Ronat and A. Shapira and J. Freeman and P. Lecomte and T. Meyer and Lan Wu Sau and G. Zobernig}
}

@Article{Barber:1979yr,
  collaboration = {MARK-J},
     author    = "Barber, D. P. and others",
     title     = "{Discovery of Three Jet Events and a Test of Quantum
                  Chromodynamics at PETRA Energies}",
     journal   = "Phys. Rev. Lett.",
     volume    = "43",
     year      = "1979",
     pages     = "830",
     doi       = "10.1103/PhysRevLett.43.830",
     SLACcitation  = "%%CITATION = PRLTA,43,830;%%"
}

@Article{Berger:1979cj,
     author    = "Berger, Christoph and others",
 collaboration = "PLUTO",
     title     = "{Evidence for Gluon Bremsstrahlung in $e^{+}e^{-}$ Annihilations
                  at High-Energies}",
     journal   = "Phys. Lett.",
     volume    = "B86",
     year      = "1979",
     pages     = "418",
     doi       = "10.1016/0370-2693(79)90869-4",
     SLACcitation  = "%%CITATION = PHLTA,B86,418;%%"
}

@article{PhysRevLett.30.1346,
  volume = {30},
  journal = {Phys. Rev. Lett.},
  month = {Jun},
  title = {Reliable Perturbative Results for Strong Interactions?},
  author = {Politzer, H. David},
  year = {1973},
  url = {http://link.aps.org/doi/10.1103/PhysRevLett.30.1346},
  doi = {10.1103/PhysRevLett.30.1346},
  issue = {26},
  publisher = {American Physical Society},
  pages = {1346 -- 1349}
}

@article{PhysRevLett.30.1343,
  volume = {30},
  journal = {Phys. Rev. Lett.},
  month = {Jun},
  title = {Ultraviolet Behavior of Non-Abelian Gauge Theories},
  author = {Gross, David J. and Wilczek, Frank},
  year = {1973},
  url = {http://link.aps.org/doi/10.1103/PhysRevLett.30.1343},
  doi = {10.1103/PhysRevLett.30.1343},
  issue = {26},
  publisher = {American Physical Society},
  pages = {1343 -- 1346}
}

@Article{bib:CombinedHERA:2009wt,
     author    = "Aaron, F. D. and others",
 collaboration = "H1 and ZEUS",
     title     = "{Combined Measurement and QCD Analysis of the Inclusive $e^{\pm}p$ Scattering Cross Sections at HERA}",
     journal   = "JHEP",
     volume    = "01",
     year      = "2010",
     pages     = "109",
     eprint    = "0911.0884",
     archivePrefix = "arXiv",
     primaryClass  =  "hep-ex",
     doi       = "10.1007/JHEP01(2010)109",
     SLACcitation  = "%%CITATION = 0911.0884;%%"
}

@article{PhysRevLett.10.531,
  volume = {10},
  journal = {Phys. Rev. Lett.},
  month = {Jun},
  title = {Unitary Symmetry and Leptonic Decays},
  author = {Cabibbo, Nicola},
  year = {1963},
  url = {http://link.aps.org/doi/10.1103/PhysRevLett.10.531},
  doi = {10.1103/PhysRevLett.10.531},
  issue = {12},
  publisher = {American Physical Society},
  pages = {531 -- 533}
}

@Article{PTP.49.652,
  title = {$CP$-Violation in the Renormalizable Theory of Weak Interaction},
  author = {Makoto Kobayashi and Toshihide Maskawa},
  journal = {Progress of Theoretical Physics},
  volume = {49},
  number = {2},
  pages = {652-657},
  numpages = {5},
  year = {1973},
  url = {http://ptp.ipap.jp/link?PTP/49/652/},
  doi = {10.1143/PTP.49.652},
  publisher = {Progress of Theoretical Physics}
}

@article{Arnison:142059,
      author       = {Arnison, Geoffrey T J and Astbury, Alan and Aubert, Bernard
                      and Bacci, Cesare and Rohlf, J and Bauer, G and BÃ©zaguet,
                      Alain-Arthur and B{\"o}ck, R K and Bowcock, T J V and Calvetti,
                      M and Carroll, T and Catz, P and Cennini, P and Centro,
                      Sandro and Ceradini, F and Cittolin, Sergio and Cline, D and
                      Cochet, Christian and Colas, Jacques and Corden, M and
                      Dallman, David Peter and De Beer, M and Della Negra, Michel
                      and Demoulin, M and Denegri, Daniel and Di Ciaccio, Anna and
                      DiBitonto, Daryl and Dobrzynski, Ludwik and Dowell, John D
                      and Edwards, M and Eggert, Karsten and Eisenhandler, Eric F
                      and Ellis, Nick and Erhard, P and Faissner, Helmut and
                      Fontaine, G and Frey, R and Fr{\"u}hwirth, R and Garvey, J and
                      Geer, S and GhesquiÃ¨re, C and Ghez, P and Giboni, K L and
                      Gibson, W R and Giraud-HÃ©raud, Yannick and Givernaud, Alain
                      and Gonidec, A and Grayer, Geoffrey H and GutÃ­errez, P and
                      Hansl-Kozanecka, Traudl and Haynes, W J and Hertzberger, L O
                      and Hodges, Christopher L and Hoffmann, D and Hoffmann, H
                      and Holthuizen, D J and Homer, R James and Honma, A K and
                      Jank, Werner and Jorat, Ginette and Kalmus, Peter I P and
                      Karim{\"a}ki, V and Keeler, Richard K and Kenyon, Ian Richard
                      and Kernan, A and Kinnunen, Ritva and Kowalski, H and
                      Kozanecki, Witold and Kryn, Didier and Lacava, F and
                      Laugier, J P and Lees, J P and Lehmann, H and Leuchs, K and
                      LÃ©vÃªque, A and Linglin, D and Locci, E and Loret, M and
                      Malosse, J J and Markiewicz, T W and Maurin, Guy and
                      McMahon, T and Mendiburu, J P and Minard, M N and Moricca, M
                      and Muirhead, William Hugh and M{\"u}ller, F and Nandi, A K and
                      Naumann, Lutz and Norton, Alan Robert and Orkin-Lecourtois,
                      A and Paoluzi, L and Petrucci, Guido and Piano Mortari, G
                      and Pimi{\"a}, M and Placci, Alfredo and Radermacher, E and
                      Ransdell, J and Reithler, H and Revol, Jean Pierre Charles
                      and Rich, J and Rijssenbeek, M and Roberts, C and Rossi, P
                      and Rubbia, Carlo and Sadoulet, Bernard and Sajot, G and
                      Salvi, G and Salvini, G and Sass, Jean and Saudraix, Jean
                      and Savoy-Navarro, Aurore and Schinzel, D and Scott, W and
                      Shah, T P and Spiro, Michel and Strauss, J and Sumorok, K
                      and SzoncsÃ³, F and Smith, D and Tao, Charling and Thompson,
                      G and Timmer, J and Tscheslog, E and Tuominiemi, Jorma and
                      van der Meer, S and Vialle, J P and Vrana, J and Vuillemin,
                      V and Wahl, H D and Watkins, P M and Wilson, J and Xie, G Y
                      and Yvert, Michel Jean Paul and Zurfluh, Erwin},
      title        = "Experimental observation of isolated large transverse
                      energy electrons with associated missing energy at $\sqrt{s}
                      = 540 GeV$. oai:cds.cern.ch:142059",
      journal      = "Phys. Lett. B",
      number       = "CERN-EP-83-13",
      volume       = "122",
      pages        = "103-116. 31 p",
      month        = "Jan",
      year         = "1983",
}


@Article{bib:LEPEWKWG:ZPolse2005,
author ="{The ALEPH, DELPHI, L3, OPAL, SLD Collaborations, the LEP Electroweak Working Group, the SLD Electroweak and Heavy Flavour Groups}",
title ="{Precision Electroweak Measurements on the Z Resonance}",
journal = "Phys. Rept.",
volume = "427",
year = "2006",
pages = "257",
eprint = "hep-ex/0509008",
SLACcitation = "%%CITATION = HEP-EX 0509008;%%"
} 

@Article{LEPEWKWG:2010vi,
     author    = "{The ALEPH, CDF, D0, DELPHI, L3, OPAL, SLD Collaborations, the LEP Electroweak Working Group, the Tevatron Electroweak Working Group, and the SLD electroweak and heavy flavour groups}",
     title     = "{Precision Electroweak Measurements and Constraints on the Standard Model}",
     note = "CERN-PH-EP-2010-095, FERMILAB-TM-2480-PPD, LEPEWWG-2010-01, TEVEWWG-2010-01, ALEPH-2010-001-PHYSICS-2010-001, CDF-Note-10338, DELPHI-DELPHI-2010-001-PHYS 952, L3-Note-2837, OPAL-PR-432, SLAC-PUB-14301",
     year      = "2010",
     eprint    = "1012.2367",
     archivePrefix = "arXiv",
     primaryClass  =  "hep-ex",
     SLACcitation  = "%%CITATION = 1012.2367;%%"
}


@Article{bib:Abe:1995hr,
      author         = "Abe, F. and others",
      title          = "{Observation of top quark production in
$\bar{p}p$ collisions}",
      collaboration  = "CDF",
      journal        = "Phys.Rev.Lett.",
      volume         = "74",
      pages          = "2626-2631",
      doi            = "10.1103/PhysRevLett.74.2626",
      year           = "1995",
      eprint         = "hep-ex/9503002",
      archivePrefix  = "arXiv",
      primaryClass   = "hep-ex",
}

@Article{bib:Abachi:1995iq,
      author         = "Abachi, S. and others",
      title          = "{Observation of the top quark}",
      collaboration  = "D0",
      journal        = "Phys.Rev.Lett.",
      volume         = "74",
      pages          = "2632-2637",
      doi            = "10.1103/PhysRevLett.74.2632",
      year           = "1995",
      eprint         = "hep-ex/9503003",
      archivePrefix  = "arXiv",
      primaryClass   = "hep-ex",
}

@Article{bib:CPViolation:Wu,
     author    = "Wu, C. S. and others",
     journal   = "Phys. Rev. Lett.",
     volume    = "105",
     year      = "1957",
     pages     = "1413"
}

@Article{bib:PDG:2010:Higgs,
     author    = {K. Nakamura and et al. (Particle Data Group)},
     title     = {Higgs bosons: theory and searches'' in ``Review of particle physics},
     journal   = {J. Phys.},
     volume    = {G 37},
     year      = {2010 and 2011 partial update for the 2012 edition},
     pages     = {075021},
     doi       = {10.1088/0954-3899/37/7A/075021},
     url       = {http://pdg.lbl.gov/2011/reviews/rpp2011-rev-higgs-boson.pdf}
}

@article{PhysRevLett.13.508,
  volume = {13},
  journal = {Phys. Rev. Lett.},
  title = {Broken Symmetries and the Masses of Gauge Bosons},
  author = {Higgs, Peter W.},
  year = {1964},
  url = {http://link.aps.org/doi/10.1103/PhysRevLett.13.508},
  doi = {10.1103/PhysRevLett.13.508},
  issue = {16},
  publisher = {American Physical Society},
  pages = {508 -- 509}
}

@article{PhysRevLett.13.321,
  volume = {13},
  journal = {Phys. Rev. Lett.},
  title = {Broken Symmetry and the Mass of Gauge Vector Mesons},
  author = {Englert, F. and Brout, R.},
  year = {1964},
  url = {http://link.aps.org/doi/10.1103/PhysRevLett.13.321},
  doi = {10.1103/PhysRevLett.13.321},
  issue = {9},
  publisher = {American Physical Society},
  pages = {321 -- 323}
}

@article{PhysRevLett.13.585,
  volume = {13},
  journal = {Phys. Rev. Lett.},
  title = {Global Conservation Laws and Massless Particles},
  author = {Guralnik, G. S. and Hagen, C. R. and Kibble, T. W. B.},
  year = {1964},
  url = {http://link.aps.org/doi/10.1103/PhysRevLett.13.585},
  doi = {10.1103/PhysRevLett.13.585},
  issue = {20},
  publisher = {American Physical Society},
  pages = {585 -- 587}
}

@article{PhysRev.127.965,
  volume = {127},
  journal = {Phys. Rev.},
  title = {Broken Symmetries},
  author = {Goldstone, Jeffrey and Salam, Abdus and Weinberg, Steven},
  year = {1962},
  url = {http://link.aps.org/doi/10.1103/PhysRev.127.965},
  doi = {10.1103/PhysRev.127.965},
  issue = {3},
  publisher = {American Physical Society},
  pages = {965 -- 970}
}

@Article{bib:ATLASCMS:HiggsLimits,
     AUTHOR       = "{The ATLAS and CMS Collaborations}",
     TITLE        = "Combined Standard Model Higgs boson searches with up to $2.3\fbinv$ of $pp$ collision data at $\sqrt{s} = 7\tev$ at the LHC",
     JOURNAL      = "CMS Physics Analysis Summary",
     volume       = "CMS-PAS-HIG-11-023",
     YEAR         = "2011"
}

@article{ATLAS-CONF-2012-019,
  collaboration = {ATLAS},
      title        = "An update to the combined search for the Standard Model
                      Higgs boson with the ATLAS detector at the LHC using up to
                      4.9\fbinv of $pp$ collision data at \mbox{$\sqrt{s} = 7\tev$}",
  journal = "ATLAS Note",
      volume       = "\href{http://cdsweb.cern.ch/record/1430033}{ATLAS-CONF-2012-019}",
      year         = "2012",
}

@article{CMS-PAS-HIG-12-008,
  collaboration = {CMS},
      title        = "Combination of SM, SM4, FP Higgs boson searches",
  JOURNAL      = "CMS Physics Analysis Summary",
  volume       = "\href{http://cdsweb.cern.ch/record/1429928}{CMS-PAS-HIG-12-008}",
      year         = "2012"
}

@Article{bib:Hambye:1996wb,
     author    = "Hambye, Thomas and Riesselmann, Kurt",
     title     = "{Matching conditions and Higgs mass upper bounds
                  revisited}",
     journal   = "Phys. Rev.",
     volume    = "D55",
     year      = "1997",
     pages     = "7255-7262",
     eprint    = "hep-ph/9610272",
     archivePrefix = "arXiv",
     doi       = "10.1103/PhysRevD.55.7255",
     SLACcitation  = "%%CITATION = HEP-PH/9610272;%%"
}

@Article{bib:Barate:2003sz,
     author    = "Barate, R. and others",
 collaboration = "LEP Working Group for Higgs boson searches",
     title     = "{Search for the standard model Higgs boson at LEP}",
     journal   = "Phys. Lett.",
     volume    = "B565",
     year      = "2003",
     pages     = "61-75",
     eprint    = "hep-ex/0306033",
     archivePrefix = "arXiv",
     doi       = "10.1016/S0370-2693(03)00614-2",
     SLACcitation  = "%%CITATION = HEP-EX/0306033;%%"
}

@article{bib:TevatronHiggs:2011cb,
      key            = "920558",
      title          = "{Combined CDF and D0 Upper Limits on Standard Model Higgs
                        Boson Production with up to 8.6\fbinv of Data}",
      author  = "{TEVNPH (Tevatron New Phenomina and Higgs Working Group),
                        CDF and D0 Collaborations}",
      year           = "2011",
      note           = "2011. CDF Note 10606. D0 Note 6226. \href{http://tevnphwg.fnal.gov/results/SM_Higgs_Summer_11/}{FERMILAB-CONF-11-354-E}. Sumitted to the EPS 2011 Conference",
      eprint         = "1107.5518",
      archivePrefix  = "arXiv",
      primaryClass   = "hep-ex",
      reportNumber   = "FERMILAB-CONF-11-354-E",
      SLACcitation   = "%%CITATION = ARXIV:1107.5518;%%",
}

@misc{FERMILAB-CONF-12-065-E,
      author  = "{TEVNPH (Tevatron New Phenomina and Higgs Working Group),
                        CDF and D0 Collaborations}",
     title     = "Combined CDF and D0 Search for Standard Model Higgs Boson Production with up
to 10\fbinv of Data",
     year      = "2012",
     note      = {CDF Note 10806. D0 Note 6303. \href{}{FERMILAB-CONF-12-065-E}},
      reportNumber   = "FERMILAB-CONF-12-065-E"
}

@book{bib:CPViolation,
  Author = {},
  Editor = {Michael Beyer},
  Title = {CP Violation in Particle, Nuclear, and Astrophysics},
  Series = {Lecture Notes in Physics},
  Publisher = {Springer},
  Year = {2010},
  Note = {ISBN 3-642-07830-3}
}

@Article{bib:Majorana,
     author    = {Ettore Majorana},
     title     = {Teoria simmetrica dellâ€™elettrone e del positrone},
     journal   = {Nuovo Cimento},
     volume    = {14},
     year      = {1937},
     pages     = {171}
}

@ARTICLE{1968JETP...26..984P,
   author = {{Pontecorvo}, B.},
    title = "{Neutrino Experiments and the Problem of Conservation of Leptonic Charge}",
  journal = {Soviet Journal of Experimental and Theoretical Physics},
     year = 1968,
   volume = 26,
    pages = {984},
   adsurl = {http://adsabs.harvard.edu/abs/1968JETP...26..984P},
  adsnote = {Provided by the SAO/NASA Astrophysics Data System}
}

@Article{Minkowski:1977sc,
     author    = "Minkowski, Peter",
     title     = "{\mbox{$\mu\rightarrow\e\gamma$} at a Rate of One Out of $10^{9}$ Muon Decays?}",
     journal   = "Phys. Lett.",
     volume    = "B67",
     year      = "1977",
     pages     = "421",
     doi       = "10.1016/0370-2693(77)90435-X",
     SLACcitation  = "%%CITATION = PHLTA,B67,421;%%"
}

@Book{bib:Neutrinos,
  Author = {Frank Close},
  Title = {Neutrino},
  Publisher = {Oxford University Press},
  Year = {2010},
  Note = {ISBN 0-199-57459-6}
}

@Article{Fukuda:1998mi,
     author    = "Fukuda, Y. and others",
 collaboration = "Super-Kamiokande",
     title     = "{Evidence for oscillation of atmospheric neutrinos}",
     journal   = "Phys. Rev. Lett.",
     volume    = "81",
     year      = "1998",
     pages     = "1562-1567",
     eprint    = "hep-ex/9807003",
     archivePrefix = "arXiv",
     doi       = "10.1103/PhysRevLett.81.1562",
     SLACcitation  = "%%CITATION = HEP-EX/9807003;%%"
}

@book{bib:FeynmanLectures:Gravity,
  Author = {Richard P. Feynman and Fernando B. Morinigo and William G. Wagner and David Pines},
  Title = {Feynman Lectures On Gravitation},
  Series = {Frontiers in Physics},
  Publisher = {Westview Press},
  Year = {1995},
  Note = {ISBN 0-201-62734-5}
}

@inproceedings{Mele:2006ji,
  author         = "Mele, Salvatore",
  title          = "{Measurements of the running of the electromagnetic coupling at LEP}",
  booktitle      = {Proceedings of the XXVI Physics in Collision Conference},
  address        = {B\`{u}zios, Rio de Janeiro, Brazil},
  editor         = {J.T. de Mello Neto and E. Polycarpo},
  note           = "\url{http://www.slac.stanford.edu/econf/C060706/}",
  year           = {2006},
  eprint         = "hep-ex/0610037",
  archivePrefix  = "arXiv",
  primaryClass   = "hep-ex",
  SLACcitation   = "%%CITATION = HEP-EX/0610037;%%",
}

@article {springerlink:10.1140/epjc/s10052-009-1173-1,
   author = {Bethke, Siegfried},
   affiliation = {MPI für Physik F\"ohringer Ring 6 80805 Munich Germany},
   title = {The 2009 world average of $\alpha_{\text{s}}$},
   journal = {The European Physical Journal C - Particles and Fields},
   publisher = {Springer Berlin / Heidelberg},
   issn = {1434-6044},
   keyword = {Physik und Astronomie},
   pages = {689-703},
   volume = {64},
   issue = {4},
   url = {http://dx.doi.org/10.1140/epjc/s10052-009-1173-1},
   doi = {10.1140/epjc/s10052-009-1173-1},
      eprint         = "0908.1135",
      archivePrefix  = "arXiv",
      primaryClass   = "hep-ph",
   year = {2009}
}


@article{Delamotte:2002vw,
      author         = "Delamotte, Bertrand",
      title          = "{A Hint of renormalization}",
      journal        = "Am.J.Phys.",
      volume         = "72",
      pages          = "170-184",
      doi            = "10.1119/1.1624112",
      year           = "2004",
      eprint         = "hep-th/0212049",
      archivePrefix  = "arXiv",
      primaryClass   = "hep-th",
      SLACcitation   = "%%CITATION = HEP-TH/0212049;%%",
}

@article{CMS-PAS-TOP-11-013,
  collaboration = {CMS},
  title         = {Measurement of Top Quark Pair Differential Cross Sections at \mbox{$\sqrt{s} = 7\tev$}},
  JOURNAL      = "CMS Physics Analysis Summary",
  volume       = "\href{http://cdsweb.cern.ch/record/1422425}{CMS-PAS-TOP-11-013}",
  YEAR         = "2011"
}

@article{CMS-PAS-TOP-11-024,
  collaboration = {CMS},
  title         = {Combination of top pair production cross section measurements},
  JOURNAL      = "CMS Physics Analysis Summary",
  volume       = "\href{http://cdsweb.cern.ch/record/1401250}{CMS-PAS-TOP-11-024}",
  YEAR         = "2011"
}

@Article{Aliev:2010zk,
     author    = "Aliev, M. and others",
     title     = "{-- HATHOR -- HAdronic Top and Heavy quarks crOss section calculatoR}",
     journal   = "Comput. Phys. Commun.",
     volume    = "182",
     year      = "2011",
     pages     = "1034-1046",
     eprint    = "1007.1327",
     archivePrefix = "arXiv",
     primaryClass  =  "hep-ph",
     doi       = "10.1016/j.cpc.2010.12.040",
     SLACcitation  = "%%CITATION = 1007.1327;%%"
}

@article{Langenfeld:2009wd,
      author         = "Langenfeld, U. and Moch, S. and Uwer, P.",
      title          = "{Measuring the running top-quark mass}",
      journal        = "Phys.Rev.",
      volume         = "D80",
      pages          = "054009",
      doi            = "10.1103/PhysRevD.80.054009",
      year           = "2009",
      note           = "22 pages, 10 figures, 5 tables",
      eprint         = "0906.5273",
      archivePrefix  = "arXiv",
      primaryClass   = "hep-ph",
      reportNumber   = "DESY-09-097, HU-EP-09-27, SFB-CPP-09-55",
      SLACcitation   = "%%CITATION = ARXIV:0906.5273;%%",
}


@article{Dittmaier:2011ti,
      author       = "Dittmaier, S and Mariotti, C and Passarino, G and Tanaka, R
                      and Baglio, J and Bolzoni, P and Boughezal, R and Brein, O
                      and Collins-Tooth, C and Dawson, S and Dean, S and Denner, A
                      and Farrington, S and Felcini, M and Flechl, M and de
                      Florian, D and Forte, S and Grazzini, M and Hackstein, C and
                      Hahn, T and Harlander, R and Hartonen, T and Heinemeyer, S
                      and Huston, J and Kalinowski, A and Krämer, M and Krauss, F
                      and Lee, J S and Lehti, S and Maltoni, F and Mazumdar, K and
                      Moch, S-O and Mück, A and Mühlleitner, M and Nason, P and
                      Neu, C and Oleari, C and Olsen, J and Palmer, S and
                      Petriello, F and Piacquadio, G and Pilaftsis, A and Potter,
                      C T and Puljak, I and Qian, J and Rebuzzi, D and Reina, L
                      and Rzehak, H and Schumacher, M and Slavich, P and Spira, M
                      and Stöckli, F and Thorne, R S and Vazquez Acosta, M and
                      Vickey, T and Vicini, A and Wackeroth, D and Warsinsky, M
                      and Weber, M and Weiglein, G and Weydert, C and Yu, J and
                      Zaro, M and Zirke, T",
      title          = "{Handbook of LHC Higgs Cross Sections: 1. Inclusive Observables}",
      collaboration  = "LHC Higgs Cross Section Working Group",
      year           = "2011",
      note           = "\href{http://cdsweb.cern.ch/record/1318996}{CERN-2011-002}",
      eprint         = "1101.0593",
      archivePrefix  = "arXiv",
      primaryClass   = "hep-ph",
      SLACcitation   = "%%CITATION = ARXIV:1101.0593;%%",
}


% --- Beyond the SM ---------------------------------------
@article{ArkaniHamed2001232,
author  = {Arkani-Hamed, Nima and Cohen, Andrew G. and Georgi, Howard},
title = "Electroweak symmetry breaking from dimensional deconstruction",
journal = "Physics Letters B",
volume = "513",
number = "1-2",
pages = "232 - 240",
year = "2001",
note = "",
issn = "0370-2693",
doi = "10.1016/S0370-2693(01)00741-9",
url = "http://www.sciencedirect.com/science/article/pii/S0370269301007419"
}

@article{1126-6708-2002-08-020,
  author={Nima Arkani-Hamed and Thomas Gregoire and Jay G. Wacker and Andrew G. Cohen},
  title={Phenomenology of Electroweak Symmetry Breaking from Theory Space},
  journal={Journal of High Energy Physics},
  volume={2002},
  number={08},
  pages={020},
  url={http://stacks.iop.org/1126-6708/2002/i=08/a=020},
  year={2002}
}

@article{doi:10.1146/annurev.nucl.55.090704.151502,
author = {Schmaltz, Martin and Tucker-Smith, David},
title = {LITTLE HIGGS THEORIES},
journal = {Annual Review of Nuclear and Particle Science},
volume = {55},
number = {1},
pages = {229-270},
year = {2005},
doi = {10.1146/annurev.nucl.55.090704.151502},
}

@article{PhysRevD.13.974,
  volume = {13},
  journal = {Phys. Rev. D},
  title = {Implications of dynamical symmetry breaking},
  author = {Weinberg, Steven},
  year = {1976},
  url = {http://link.aps.org/doi/10.1103/PhysRevD.13.974},
  doi = {10.1103/PhysRevD.13.974},
  issue = {4},
  publisher = {American Physical Society},
  pages = {974 -- 996}
}

@article{PhysRevD.20.2619,
  volume = {20},
  journal = {Phys. Rev. D},
  title = {Dynamics of spontaneous symmetry breaking in the Weinberg-Salam theory},
  author = {Susskind, Leonard},
  year = {1979},
  url = {http://link.aps.org/doi/10.1103/PhysRevD.20.2619},
  doi = {10.1103/PhysRevD.20.2619},
  issue = {10},
  publisher = {American Physical Society},
  pages = {2619 -- 2625}
}

@article{Dimopoulos1979237,
title = "Mass without scalars",
journal = "Nuclear Physics B",
volume = "155",
number = "1",
pages = "237 - 252",
year = "1979",
note = "",
issn = "0550-3213",
doi = "10.1016/0550-3213(79)90364-X",
url = "http://www.sciencedirect.com/science/article/pii/055032137990364X",
author = "Savas Dimopoulos and Leonard Susskind"
}

@article{Eichten1980125,
title = "Dynamical breaking of weak interaction symmetries",
journal = "Physics Letters B",
volume = "90",
number = "1-2",
pages = "125 - 130",
year = "1980",
note = "",
issn = "0370-2693",
doi = "10.1016/0370-2693(80)90065-9",
url = "http://www.sciencedirect.com/science/article/pii/0370269380900659",
author = "Estia Eichten and Kenneth Lane"
}

@article{PhysRevD.76.055005,
  volume = {76},
  journal = {Phys. Rev. D},
  numpages = {17},
  month = {Sep},
  title = {Minimal walking technicolor: Setup for collider physics},
  author = {Foadi, Roshan and Frandsen, Mads T. and Ryttov, Thomas A. and Sannino, Francesco},
  year = {2007},
  url = {http://link.aps.org/doi/10.1103/PhysRevD.76.055005},
  doi = {10.1103/PhysRevD.76.055005},
  issue = {5},
  publisher = {American Physical Society},
  pages = {055005}
}


@Article{Georgi:1974sy,
     author    = "Georgi, H. and Glashow, S. L.",
     title     = "{Unity of All Elementary Particle Forces}",
     journal   = "Phys. Rev. Lett.",
     volume    = "32",
     year      = "1974",
     pages     = "438-441",
     doi       = "10.1103/PhysRevLett.32.438",
     SLACcitation  = "%%CITATION = PRLTA,32,438;%%"
}

@Article{bib:GUT:Fritzsch,
     author    = {Fritzsch, H. and Minkowski, P.},
     title     = {},
     journal   = {Ann. Phys.},
     volume    = "93",
     year      = "1975",
     pages     = "193"
}

@article{PhysRevLett.33.451,
  volume = {33},
  journal = {Phys. Rev. Lett.},
  month = {Aug},
  title = {Hierarchy of Interactions in Unified Gauge Theories},
  author = {Georgi, H. and Quinn, H. R. and Weinberg, S.},
  year = {1974},
  url = {http://link.aps.org/doi/10.1103/PhysRevLett.33.451},
  doi = {10.1103/PhysRevLett.33.451},
  issue = {7},
  publisher = {American Physical Society},
  pages = {451 -- 454}
}

@article{Gt1974276,
title = "Magnetic monopoles in unified gauge theories",
journal = "Nuclear Physics B",
volume = "79",
number = "2",
pages = "276 - 284",
year = "1974",
note = "",
issn = "0550-3213",
doi = "10.1016/0550-3213(74)90486-6",
url = "http://www.sciencedirect.com/science/article/pii/0550321374904866",
author = {G. 't~Hooft}
}

@article{Chekanov:2003af,
      author         = "Chekanov, S. and others",
      title          = "{A Search for resonance decays to lepton + jet at HERA
                        and limits on leptoquarks}",
      collaboration  = "ZEUS",
      journal        = "Phys.Rev.",
      volume         = "D68",
      pages          = "052004",
      doi            = "10.1103/PhysRevD.68.052004",
      year           = "2003",
      eprint         = "hep-ex/0304008",
      archivePrefix  = "arXiv",
      primaryClass   = "hep-ex",
      reportNumber   = "DESY-03-041",
      SLACcitation   = "%%CITATION = HEP-EX/0304008;%%",
}

@article{Aktas:2005pr,
      author         = "Aktas, A. and others",
      title          = "{Search for leptoquark bosons in $ep$ collisions at HERA}",
      collaboration  = "H1",
      journal        = "Phys.Lett.",
      volume         = "B629",
      pages          = "9-19",
      doi            = "10.1016/j.physletb.2005.09.048",
      year           = "2005",
      eprint         = "hep-ex/0506044",
      archivePrefix  = "arXiv",
      primaryClass   = "hep-ex",
      reportNumber   = "DESY-05-087",
      SLACcitation   = "%%CITATION = HEP-EX/0506044;%%",
}

@inproceedings{bib:GUT:BaryonNumberViolation,
  author    = {M. Gell-Mann and P. Ramond and R. Slansky},
  title     = {},
  booktitle = {Supergravity. Proceedings of a Workshop at Stony Brook University},
  address   = {New York},
  year      = {1979},
  pages     = {315},
  editor    = {P. Van Nieuwenhuizen and D. Z. Freedman}
}

@article{PhysRevLett.102.141801,
  collaboration = {Super-Kamiokande},
  volume = {102},
  journal = {Phys. Rev. Lett.},
  numpages = {5},
  title = {Search for Proton Decay via $p\rightarrow e^{+}\pi^{0}$ and $p\rightarrow\mu^{+}\pi^{0}$ in a Large Water Cherenkov Detector},
  author = {Nishino, H. and Clark, S. and Abe, K. and Hayato, Y. and Iida, T. and Ikeda, M. and Kameda, J. and Kobayashi, K. and Koshio, Y. and Miura, M. and Moriyama, S. and Nakahata, M. and Nakayama, S. and Obayashi, Y. and Ogawa, H. and Sekiya, H. and Shiozawa, M. and Suzuki, Y. and Takeda, A. and Takenaga, Y. and Takeuchi, Y. and Ueno, K. and Ueshima, K. and Watanabe, H. and Yamada, S. and Hazama, S. and Higuchi, I. and Ishihara, C. and Kajita, T. and Kaneyuki, K. and Mitsuka, G. and Okumura, K. and Tanimoto, N. and Vagins, M. R. and Dufour, F. and Kearns, E. and Litos, M. and Raaf, J. L. and Stone, J. L. and Sulak, L. R. and Wang, W. and Goldhaber, M. and Dazeley, S. and Svoboda, R. and Bays, K. and Casper, D. and Cravens, J. P. and Kropp, W. R. and Mine, S. and Regis, C. and Smy, M. B. and Sobel, H. W. and Ganezer, K. S. and Hill, J. and Keig, W. E. and Jang, J. S. and Kim, J. Y. and Lim, I. T. and Fechner, M. and Scholberg, K. and Walter, C. W. and Wendell, R. and Tasaka, S. and Learned, J. G. and Matsuno, S. and Watanabe, Y. and Hasegawa, T. and Ishida, T. and Ishii, T. and Kobayashi, T. and Nakadaira, T. and Nakamura, K. and Nishikawa, K. and Oyama, Y. and Sakashita, K. and Sekiguchi, T. and Tsukamoto, T. and Suzuki, A. T. and Minamino, A. and Nakaya, T. and Yokoyama, M. and Fukuda, Y. and Itow, Y. and Tanaka, T. and Jung, C. K. and Lopez, G. and McGrew, C. and Terri, R. and Yanagisawa, C. and Tamura, N. and Idehara, Y. and Sakuda, M. and Kuno, Y. and Yoshida, M. and Kim, S. B. and Yang, B. S. and Ishizuka, T. and Okazawa, H. and Choi, Y. and Seo, H. K. and Furuse, Y. and Nishijima, K. and Yokosawa, Y. and Koshiba, M. and Totsuka, Y. and Chen, S. and Heng, Y. and Yang, Z. and Zhang, H. and Kielczewska, D. and Thrane, E. and Wilkes, R. J.},
  year = {2009},
  url = {http://link.aps.org/doi/10.1103/PhysRevLett.102.141801},
  doi = {10.1103/PhysRevLett.102.141801},
  issue = {14},
  publisher = {American Physical Society},
  pages = {141801}
}

@article{ArkaniHamed1998263,
title = "The hierarchy problem and new dimensions at a millimeter",
journal = "Physics Letters B",
volume = "429",
number = "3-4",
pages = "263 - 272",
year = "1998",
note = "",
issn = "0370-2693",
doi = "10.1016/S0370-2693(98)00466-3",
url = "http://www.sciencedirect.com/science/article/pii/S0370269398004663",
author = "Nima Arkaniâ€“Hamed and Savas Dimopoulos and Gia Dvali"
}

@article{PhysRevD.59.086004,
  volume = {59},
  journal = {Phys. Rev. D},
  numpages = {21},
  month = {Mar},
  title = {Phenomenology, astrophysics, and cosmology of theories with submillimeter dimensions and TeV scale quantum gravity},
  author = {Arkani-Hamed, Nima and Dimopoulos, Savas and Dvali, Gia},
  year = {1999},
  url = {http://link.aps.org/doi/10.1103/PhysRevD.59.086004},
  doi = {10.1103/PhysRevD.59.086004},
  issue = {8},
  publisher = {American Physical Society},
  pages = {086004}
}

@article{PhysRevD.65.056010,
  volume = {65},
  journal = {Phys. Rev. D},
  numpages = {12},
  month = {Feb},
  title = {High energy colliders as black hole factories: The end of short distance physics},
  author = {Giddings, Steven B. and Thomas, Scott},
  year = {2002},
  url = {http://link.aps.org/doi/10.1103/PhysRevD.65.056010},
  doi = {10.1103/PhysRevD.65.056010},
  issue = {5},
  publisher = {American Physical Society},
  pages = {056010}
}

@article{Khachatryan2011434,
title = "Search for microscopic black hole signatures at the Large Hadron Collider",
journal = "Physics Letters B",
volume = "697",
number = "5",
pages = "434 - 453",
year = "2011",
note = "",
issn = "0370-2693",
doi = "10.1016/j.physletb.2011.02.032",
url = "http://www.sciencedirect.com/science/article/pii/S0370269311001778",
author = {}
}




% --- Supersymmetry ---------------------------------------
@Book{bib:BaerTata:WeakScaleSusy,
  Author = {Howard Baer and Xerxes Tata},
  Title = {Weak Scale Supersymmetry: From Superfields to Scattering Events},
  Publisher = {Cambridge University Press},
  Year = {2006},
  Note = {ISBN 0-521-85786-4}
}

@Book{bib:Aitchison:Susy,
  Author = {Ian Aitchison},
  Title = {Supersymmetry in Particle Physics -- An Elementary Introduction},
  Publisher = {Cambridge University Press},
  Year = {2007},
  Note = {ISBN 978-0-521-88023-7}
}

@article{Kane:1993td,
      author         = "Kane, Gordon L. and Kolda, Christopher F. and Roszkowski,
                        Leszek and Wells, James D.",
      title          = "{Study of constrained minimal supersymmetry}",
      journal        = "Phys.Rev.",
      volume         = "D49",
      pages          = "6173-6210",
      doi            = "10.1103/PhysRevD.49.6173",
      year           = "1994",
      eprint         = "hep-ph/9312272",
      archivePrefix  = "arXiv",
      primaryClass   = "hep-ph",
      reportNumber   = "UM-TH-93-24",
      SLACcitation   = "%%CITATION = HEP-PH/9312272;%%",
}

@article{Baer:2002gm,
      author         = "Baer, Howard and Balazs, Csaba and Belyaev, Alexander and
                        Mizukoshi, J. Kenichi and Tata, Xerxes and others",
      title          = "{Updated constraints on the minimal supergravity model}",
      journal        = "JHEP",
      volume         = "0207",
      pages          = "050",
      year           = "2002",
      eprint         = "hep-ph/0205325",
      archivePrefix  = "arXiv",
      primaryClass   = "hep-ph",
      reportNumber   = "FSU-HEP-020530, IFUSP-1549-2002, UH-511-1002-02",
      SLACcitation   = "%%CITATION = HEP-PH/0205325;%%",
}

@article{bib:WessZumino,
title = "Supergauge transformations in four dimensions",
journal = "Nuclear Physics B",
volume = "70",
number = "1",
pages = "39 - 50",
year = "1974",
note = "",
issn = "0550-3213",
doi = "10.1016/0550-3213(74)90355-1",
url = "http://www.sciencedirect.com/science/article/pii/0550321374903551",
author = "J. Wess and B. Zumino"
}

@article{bib:Haag1975257,
title = "All possible generators of supersymmetries of the S-matrix",
journal = "Nuclear Physics B",
volume = "88",
number = "2",
pages = "257 - 274",
year = "1975",
note = "",
issn = "0550-3213",
doi = "10.1016/0550-3213(75)90279-5",
url = "http://www.sciencedirect.com/science/article/pii/0550321375902795",
author = "Rudolf Haag and Jan T. {\L}opusza\'nski and Martin Sohnius"
}

@article{PhysRevD.24.1681,
  volume = {24},
  journal = {Phys. Rev. D},
  title = {Supersymmetry and the scale of unification},
  author = {Dimopoulos, S. and Raby, S. and Wilczek, Frank},
  year = {1981},
  url = {http://link.aps.org/doi/10.1103/PhysRevD.24.1681},
  doi = {10.1103/PhysRevD.24.1681},
  issue = {6},
  publisher = {American Physical Society},
  pages = {1681 -- 1683}
}

@article{PhysRevLett.49.970,
  volume = {49},
  journal = {Phys. Rev. Lett.},
  author = {Chamseddine, A. H. and Arnowitt, R. and Nath, Pran},
  url = {http://link.aps.org/doi/10.1103/PhysRevLett.49.970},
  doi = {10.1103/PhysRevLett.49.970},
  year = {1982},
  title = {Locally Supersymmetric Grand Unification},
  issue = {14},
  publisher = {American Physical Society},
  pages = {970 -- 974}
}

@article{deWit:2002vz,
      author         = {de Wit, Bernard},
      title          = {Supergravity},
      year           = {2002},
      eprint         = "hep-th/0212245",
      archivePrefix  = "arXiv",
      primaryClass   = "hep-th",
      note           = {2001 Les Houches Summerschool ``Unity from Duality: Gravity, Gauge Theory and Strings''}
}

@article{Bertone2005279,
title = "Particle dark matter: evidence, candidates and constraints",
journal = "Physics Reports",
volume = "405",
number = "5-6",
pages = "279 - 390",
year = "2005",
note = "",
issn = "0370-1573",
doi = "10.1016/j.physrep.2004.08.031",
url = "http://www.sciencedirect.com/science/article/pii/S0370157304003515",
author = "Gianfranco Bertone and Dan Hooper and Joseph Silk"
}

@article{Chatrchyan:2011nx,
      author         = "Chatrchyan, Serguei and others",
      title          = "{Search for Neutral MSSM Higgs Bosons Decaying to Tau
                        Pairs in $pp$ Collisions at \mbox{$\sqrt{s}=7\tev$}}",
      collaboration  = "CMS",
      journal        = "Phys.Rev.Lett.",
      volume         = "106",
      pages          = "231801",
      doi            = "10.1103/PhysRevLett.106.231801",
      year           = "2011",
      eprint         = "1104.1619",
      archivePrefix  = "arXiv",
      primaryClass   = "hep-ex",
      reportNumber   = "CMS-PAS-HIG-10-002, CERN-EP-PH-2011-027",
      SLACcitation   = "%%CITATION = ARXIV:1104.1619;%%",
}

@article{Nakayama:2011iv,
      author         = "Nakayama, Kazunori and Yokozaki, Norimi and Yonekura,
                        Kazuya",
      title          = "{Relaxing the Higgs mass bound in singlet extensions of
                        the MSSM}",
      journal        = "JHEP",
      volume         = "1111",
      pages          = "021",
      doi            = "10.1007/JHEP11(2011)021",
      year           = "2011",
      eprint         = "1108.4338",
      archivePrefix  = "arXiv",
      primaryClass   = "hep-ph",
      SLACcitation   = "%%CITATION = ARXIV:1108.4338;%%",
}

@article{doi:10.1146/annurev-astro-082708-101659,
author = {Feng, Jonathan L.},
title = {Dark Matter Candidates from Particle Physics and Methods of Detection},
journal = {Annual Review of Astronomy and Astrophysics},
volume = {48},
number = {1},
pages = {495-545},
year = {2010},
doi = {10.1146/annurev-astro-082708-101659},
URL = {http://www.annualreviews.org/doi/abs/10.1146/annurev-astro-082708-101659},
}

@Article{CDFLimits,
	author = "{CDF Collaboration, Altonen et al.}",
	title = "{The CDF exclusion region in the $m_{1/2}$ vs. $m_{0}$ plane}",
	journal = "Phys. Rev. Lett",
	volume="102",
	pages="121801",
	year="2009",
	archivePrefix="arXiv",
	eprint="011.2512"
}

@Article{D0Limits,
	author="{D0 Collaboration, Abazov et al.}",
	title = "Search for squarks and gluinos in events with jets and missing transverse energy using 2.1\fbinv of \mbox{$p\bar{p}$}  collision data at \mbox{$\sqrt{s} = 1.96\tev$}",
	journal="Phys. Lett.",
	volume="B 660",
	pages="449",
	year="2008",
	archivePrefix="arXiv",
	eprint="0712.3805"
}

@article{Abazov200934,
	title = "Search for associated production of charginos and neutralinos in the trilepton final state using 2.3\fbinv of data",
	author = "{D0 Collaboration}",
	journal = "Phys. Lett.",
	volume = "B 680",
	number = "1",
	pages = "34 - 43",
	year = "2009",
	note = "",
	issn = "0370-2693",
	doi = "DOI: 10.1016/j.physletb.2009.08.011"
}

@Article{LEPLimits,
	author="{ALEPH, DELPHI, L3 and OPAL Collaborations}",
        TITLE="Joint SUSY Working Group",
	journal="{LEPSUSYWG/02-06-2}",
        year = "2004",
	note="{http://lepsusy.web.cern.ch/lepsusy}"
}	

@Article{ALEPHSUSY,
     auther = "ALEPH Collaboration",
 collaboration = "ALEPH",
     title     = "Absolute Mass Lower Limit for the Lightest Neutralino of the {MSSM} from  ${\rm e^+ e^-}$ data at $\sqrt{s}$ up to 209~{GeV}",
     journal   = "Phys. Lett.",
     volume    = "B 583",
     year      = "2004",
     pages     = "247",
     note      = "See also references therein",
     doi       = "10.1016/j.physletb.2003.12.066",
     SLACcitation  = "%%CITATION = PHLTA,B583,247;%%"
}

@Article{DELPHISUSY,
     author    = "DELPHI Collaboration",
 collaboration = "DELPHI",
     title     = "Searches for Supersymmetric Particles in ${\rm e^+ e^-}$ Collisions up to 208 {GeV}  and Interpretation of the Results within the {MSSM}",
     journal   = "Eur. Phys. J. C",
     volume    = "31",
     year      = "2003",
     pages     = "421",
     note      = "See also references therein",
     eprint    = "hep-ex/0311019",
     archivePrefix = "arXiv",
     doi       = "10.1140/epjc/s2003-01355-5",
     SLACcitation  = "%%CITATION = HEP-EX/0311019;%%"
}

@Article{L3SUSY,
     author    = "L3 Collaboration",
 collaboration = "L3",
     title     = "Search for Scalar Leptons and Scalar Quarks at {LEP}",
     journal   = "Phys. Lett.",
     volume    = "B 580",
     year      = "2004",
     pages     = "37",
     note      = "See also references therein",
     eprint    = "hep-ex/0310007",
     archivePrefix = "arXiv",
     doi       = "10.1016/j.physletb.2003.10.010",
     SLACcitation  = "%%CITATION = HEP-EX/0310007;%%"
}

@Article{OPALSUSY,
     author    = "OPAL Collaboration",
 collaboration = "OPAL",
     title     = "Search for Chargino and Neutralino Production at $\sqrt{s}
                  = 192$ {GeV} to  209 {GeV} at {LEP}",
     journal   = "Eur. Phys. J. C",
     volume    = "35",
     year      = "2004",
     pages     = "1",
     note      = "See also references therein",
     eprint    = "hep-ex/0401026",
     archivePrefix = "arXiv",
     doi       = "10.1140/epjc/s2004-01780-x",
     SLACcitation  = "%%CITATION = HEP-EX/0401026;%%"
}
@Article{Zeus:2006je,
     author    = "Chekanov, S. and others",
 collaboration = "ZEUS",
     title     = "Search for Stop Production in {R}-Parity-Violating
                  Supersymmetry at {HERA}",
     journal   = "Eur. Phys. J. C",
     volume    = "50",
     year      = "2007",
     pages     = "269",
     eprint    = "hep-ex/0611018",
     archivePrefix = "arXiv",
     doi       = "10.1140/epjc/s10052-007-0240-8",
     SLACcitation  = "%%CITATION = HEP-EX/0611018;%%"
}
@Article{Aid:1996es,
     author    = "Aid, S. and others",
 collaboration = "H1",
     title     = "A Search for Selectrons and Squarks at {HERA}",
     journal   = "Phys. Lett.",
     volume    = "B 380",
     year      = "1996",
     pages     = "461",
     eprint    = "hep-ex/9605002",
     archivePrefix = "arXiv",
     doi       = "10.1016/0370-2693(96)00640-5",
     SLACcitation  = "%%CITATION = HEP-EX/9605002;%%"
}

@article{Roszkowski:2001sb,
      author         = "Roszkowski, Leszek and Ruiz de Austri, Roberto and Nihei,
                        Takeshi",
      title          = "{New cosmological and experimental constraints on the
                        CMSSM}",
      journal        = "JHEP",
      volume         = "0108",
      pages          = "024",
      year           = "2001",
      eprint         = "hep-ph/0106334",
      archivePrefix  = "arXiv",
      primaryClass   = "hep-ph",
      reportNumber   = "CERN-TH-2001-163",
      doi            = "10.1088/1126-6708/2001/08/024",
      SLACcitation   = "%%CITATION = HEP-PH/0106334;%%",
}

@article{Martin:1997ns,
      author         = "Martin, Stephen P.",
      title          = "{A Supersymmetry primer}",
      year           = "1997",
      eprint         = "hep-ph/9709356",
      archivePrefix  = "arXiv",
      primaryClass   = "hep-ph",
      SLACcitation   = "%%CITATION = HEP-PH/9709356;%%",
}

@manual{bib:mastercode,
  author        = {Oliver Buchm\"uller and Rick Cavanaugh and David Colling and Albert De Roeck and Matthew Dolan and John Ellis and Henning Fl\"acher and Thomas Hahn and Sven Heinemeyer and Gino Isidori and D. Martinez Santos and Keith Olive and Sam Rogerson and Frederic Ronga and Georg Weiglein},
  title         = {The MasterCode project},
  note          = "\url{http://mastercode.web.cern.ch/mastercode}",
  year          = {2011}
}

@article{Buchmueller:2007zk,
      author         = "Buchmueller, O. and Cavanaugh, R. and De Roeck, A. and
                        Heinemeyer, S. and Isidori, G. and others",
      title          = "{Prediction for the Lightest Higgs Boson Mass in the
                        CMSSM using Indirect Experimental Constraints}",
      journal        = "Phys.Lett.",
      volume         = "B657",
      pages          = "87-94",
      doi            = "10.1016/j.physletb.2007.09.058",
      year           = "2007",
      eprint         = "0707.3447",
      archivePrefix  = "arXiv",
      primaryClass   = "hep-ph",
      reportNumber   = "CERN-PH-EP-2007-037",
      SLACcitation   = "%%CITATION = ARXIV:0707.3447;%%",
}

@article{Buchmueller:2011ki,
      author         = "Buchmueller, O. and Cavanaugh, R. and Colling, D. and De
                        Roeck, A. and Dolan, M.J. and others",
      title          = "{Supersymmetry and Dark Matter in Light of LHC 2010 and
                        Xenon100 Data}",
      journal        = "Eur.Phys.J.",
      volume         = "C71",
      pages          = "1722",
      doi            = "10.1140/epjc/s10052-011-1722-2",
      year           = "2011",
      eprint         = "1106.2529",
      archivePrefix  = "arXiv",
      primaryClass   = "hep-ph",
      reportNumber   = "CERN-PH-TH-2011-129, DCPT-11-62, DESY-11-119, IPPP-11-31,
                        FTPI-MINN-11-12, KCL-PH-TH-2011-12, LCTS-2011-01,
                        UMN-TH-3002-11",
      SLACcitation   = "%%CITATION = ARXIV:1106.2529;%%",
}

@article{Buchmueller:2011sw,
      author         = "Buchmueller, O. and Cavanaugh, R. and De Roeck, A. and
                        Dolan, M.J. and Ellis, J.R. and others",
      title          = "{Supersymmetry in Light of 1/fb of LHC Data}",
      year           = "2011",
      eprint         = "1110.3568",
      archivePrefix  = "arXiv",
      primaryClass   = "hep-ph",
      reportNumber   = "KCL-PH-TH-2011-28, LCTS-2011-14, CERN-PH-TH-2011-220,
                        DCPT-11-108, DESY-11-161, IPPP-11-54, FTPI-MINN-11-23,
                        UMN-TH-3013-11",
      SLACcitation   = "%%CITATION = ARXIV:1110.3568;%%",
}

@Article{Bechtle:2009ty,
     author    = "Bechtle, Philip and Desch, Klaus and Uhlenbrock, Mathias
                  and Wienemann, Peter",
     title     = "{Constraining SUSY models with Fittino using measurements
                  before, with and beyond the LHC}",
     journal   = "Eur. Phys. J.",
     volume    = "C66",
     year      = "2010",
     pages     = "215-259",
     eprint    = "0907.2589",
     archivePrefix = "arXiv",
     primaryClass  =  "hep-ph",
     doi       = "10.1140/epjc/s10052-009-1228-3",
     SLACcitation  = "%%CITATION = 0907.2589;%%"
}

@article{1126-6708-2008-12-024,
  author={Roberto Trotta and Farhan Feroz and Mike Hobson and Leszek Roszkowski and Roberto Ruiz de Austri},
  title={The impact of priors and observables on parameter inferences in the constrained MSSM},
  journal={Journal of High Energy Physics},
  volume={2008},
  number={12},
  pages={024},
  url={http://stacks.iop.org/1126-6708/2008/i=12/a=024},
  year={2008},
  doi={10.1088/1126-6708/2008/12/024},
  archivePrefix = "arXiv",
  primaryClass  =  "hep-ph",
  eprint={0809.3792}
}

@Article{Flacher:2008zq,
     author    = "Flacher, Henning and others",
     title     = "{Revisiting the Global Electroweak Fit of the Standard
                  Model and Beyond with Gfitter}",
     journal   = "Eur. Phys. J.",
     volume    = "C60",
     year      = "2009",
     pages     = "543-583",
     eprint    = "0811.0009",
     archivePrefix = "arXiv",
     primaryClass  =  "hep-ph",
     doi       = "10.1140/epjc/s10052-009-0966-6",
     SLACcitation  = "%%CITATION = 0811.0009;%%"
}

@article{Sekmen:2011cz,
      author         = "Sekmen, S. and Kraml, S. and Lykken, J. and Moortgat, F.
                        and Padhi, S. and others",
      title          = "{Interpreting LHC SUSY searches in the phenomenological
                        MSSM}",
      journal        = "JHEP",
      volume         = "1202",
      pages          = "075",
      doi            = "10.1007/JHEP02(2012)075",
      year           = "2012",
      eprint         = "1109.5119",
      archivePrefix  = "arXiv",
      primaryClass   = "hep-ph",
      SLACcitation   = "%%CITATION = ARXIV:1109.5119;%%",
}

@article{Ellis1984453,
title = "Supersymmetric relics from the big bang",
journal = "Nuclear Physics B",
volume = "238",
number = "2",
pages = "453 - 476",
year = "1984",
note = "",
issn = "0550-3213",
doi = "10.1016/0550-3213(84)90461-9",
url = "http://www.sciencedirect.com/science/article/pii/0550321384904619",
author = "John Ellis and J.S. Hagelin and D.V. Nanopoulos and K. Olive and M. Srednicki"
}

@article{Aprile:2011hi,
      author         = "Aprile, E. and others",
      title          = "{Dark Matter Results from 100 Live Days of XENON100
                        Data}",
      collaboration  = "XENON100 Collaboration",
      journal        = "Phys.Rev.Lett.",
      volume         = "107",
      pages          = "131302",
      doi            = "10.1103/PhysRevLett.107.131302",
      year           = "2011",
      eprint         = "1104.2549",
      archivePrefix  = "arXiv",
      primaryClass   = "astro-ph.CO",
      SLACcitation   = "%%CITATION = ARXIV:1104.2549;%%",
}



% --- Indirect searches for new physics -------------------
@Article{Chen:2001fja,
     author    = "Chen, S. and others",
 collaboration = "CLEO",
     title     = "{Branching fraction and photon energy spectrum for $b\rightarrow s\gamma$}",
     journal   = "Phys. Rev. Lett.",
     volume    = "87",
     year      = "2001",
     pages     = "251807",
     eprint    = "hep-ex/0108032",
     archivePrefix = "arXiv",
     doi       = "10.1103/PhysRevLett.87.251807",
     SLACcitation  = "%%CITATION = HEP-EX/0108032;%%"
}

@Article{Aubert:2006gg,
     author    = "Aubert, Bernard and others",
 collaboration = "BaBar",
     title     = "{Measurement of the branching fraction and photon energy moments of $B \rightarrow X(s)\gamma$ and $A_{\text{CP}}(B \rightarrow X_{s+d}\gamma)$}",
     journal   = "Phys. Rev. Lett.",
     volume    = "97",
     year      = "2006",
     pages     = "171803",
     eprint    = "hep-ex/0607071",
     archivePrefix = "arXiv",
     doi       = "10.1103/PhysRevLett.97.171803",
     SLACcitation  = "%%CITATION = HEP-EX/0607071;%%"
}

@Article{Limosani:2009qg,
     author    = "Limosani, A. and others",
 collaboration = "Belle",
     title     = "{Measurement of Inclusive Radiative B-meson Decays with a Photon Energy Threshold of 1.7\gev}",
     journal   = "Phys. Rev. Lett.",
     volume    = "103",
     year      = "2009",
     pages     = "241801",
     eprint    = "0907.1384",
     archivePrefix = "arXiv",
     primaryClass  =  "hep-ex",
     doi       = "10.1103/PhysRevLett.103.241801",
     SLACcitation  = "%%CITATION = 0907.1384;%%"
}

@mics{HernandoMorata:1429147,
      author       = "Jos\'e \'Angel Hernando Morata",
      title        = "Rare decays in LHCb",
      note         = "47th Rencontres de Moriond on Electroweak Interactions and Unified Theories, La Thuile, Italy",
      howpublished = "\href{https://cdsweb.cern.ch/record/1429147}{LHCb-TALK-2012-028}",
      year         = "2012",
}


@article{CMS-PAS-BPH-11-019,
      author       = "{The CMS and LHCb Collaborations}",
      title        = "{Search for the rare decay $B^{0}_{s}\to \mu^{+}\mu^{-}$ at the LHC with the CMS and LHCb experiments}",
      year         = "2011",
      note         = "CMS-PAS-BPH-11-019, LHCb-ANA-2011-039",
}

@Article{Abazov:2010fs,
     author    = "Abazov, V. M. and others",
 collaboration = "D0",
     title     = "{Search for the rare decay $B_s^0\rightarrow\mu^+\mu^-$}",
     journal   = "Phys. Lett.",
     volume    = "B693",
     year      = "2010",
     pages     = "539-544",
     eprint    = "1006.3469",
     archivePrefix = "arXiv",
     primaryClass  =  "hep-ex",
     doi       = "10.1016/j.physletb.2010.09.024",
     SLACcitation  = "%%CITATION = 1006.3469;%%"
}

@Article{Aaltonen:2011fi,
     author    = "Aaltonen, T. and others",
 collaboration = "CDF",
     title     = "{Search for $B^0_s \rightarrow \mu^+\mu^-$ and $B^0_d \rightarrow \mu^+\mu^-$ Decays with CDF II}",
     journal   = "Phys. Rev. Lett.",
     volume    = "107",
     year      = "2011",
     pages     = "191801",
     eprint    = "1107.2304",
     archivePrefix = "arXiv",
     primaryClass  =  "hep-ex",
     SLACcitation  = "%%CITATION = 1107.2304;%%"
}



@Article{Bennett:2006fi,
     author    = "Bennett, G. W. and others",
 collaboration = "Muon G-2",
     title     = "{Final report of the muon E821 anomalous magnetic moment measurement at BNL}",
     journal   = "Phys. Rev.",
     volume    = "D73",
     year      = "2006",
     pages     = "072003",
     eprint    = "hep-ex/0602035",
     archivePrefix = "arXiv",
     doi       = "10.1103/PhysRevD.73.072003",
     SLACcitation  = "%%CITATION = HEP-EX/0602035;%%"
}

@Article{Hagiwara:2006jt,
     author    = "Hagiwara, Kaoru and Martin, A. D. and Nomura, Daisuke and
                  Teubner, T.",
     title     = "{Improved predictions for $g-2$ of the muon and $\alpha_{\text{QED}}(M_Z^2)$}",
     journal   = "Phys. Lett.",
     volume    = "B649",
     year      = "2007",
     pages     = "173-179",
     eprint    = "hep-ph/0611102",
     archivePrefix = "arXiv",
     doi       = "10.1016/j.physletb.2007.04.012",
     SLACcitation  = "%%CITATION = HEP-PH/0611102;%%"
}

@article{Adam:2005bya,
	author         = "Adam, Wolfgang and Frühwirth, R. and Strandlie, Are and
	Todor, T.",
	title          = "{Reconstruction of Electrons with the Gaussian-Sum Filter
	in the CMS Tracker at the LHC}",
	year           = "2005",
	reportNumber   = "CMS-NOTE-2005-001, CERN-CMS-NOTE-2005-001",
	SLACcitation   = "%%CITATION = CMS-NOTE-2005-001;%%"
}

@article{1748-0221-10-06-P06005,
	author={},
	title={Performance of electron reconstruction and selection with the CMS detector in proton-proton collisions at√ s = 8 TeV},
	journal={Journal of Instrumentation},
	volume={10},
	number={06},
	pages={P06005},
	url={http://stacks.iop.org/1748-0221/10/i=06/a=P06005},
	year={2015},
}
% --- Dark Matter and Dark Energy -------------------------------------------
@Article{Riess:1998cb,
     author    = "Riess, Adam G. and others",
 collaboration = "Supernova Search Team",
     title     = "{Observational Evidence from Supernovae for an Accelerating Universe and a Cosmological Constant}",
     journal   = "Astron. J.",
     volume    = "116",
     year      = "1998",
     pages     = "1009-1038",
     eprint    = "astro-ph/9805201",
     archivePrefix = "arXiv",
     doi       = "10.1086/300499",
     SLACcitation  = "%%CITATION = ASTRO-PH/9805201;%%"
}

@Article{Perlmutter:1998np,
     author    = "Perlmutter, S. and others",
 collaboration = "Supernova Cosmology Project",
     title     = "{Measurements of $\Omega$ and $\Lambda$ from 42 High-Redshift Supernovae}",
     journal   = "Astrophys. J.",
     volume    = "517",
     year      = "1999",
     pages     = "565-586",
     eprint    = "astro-ph/9812133",
     archivePrefix = "arXiv",
     doi       = "10.1086/307221",
     SLACcitation  = "%%CITATION = ASTRO-PH/9812133;%%"
}

@Article{Jarosik:2010iu,
     author    = "Jarosik, N. and others",
 collaboration = "WMAP",
     title     = "{Seven-Year Wilkinson Microwave Anisotropy Probe (WMAP) Observations: Sky Maps, Systematic Errors, and Basic
                  Results}",
     journal   = "Astrophys. J. Suppl.",
     volume    = "192",
     year      = "2011",
     pages     = "14",
     eprint    = "1001.4744",
     archivePrefix = "arXiv",
     primaryClass  =  "astro-ph.CO",
     doi       = "10.1088/0067-0049/192/2/14",
     SLACcitation  = "%%CITATION = 1001.4744;%%"
}

@Article{Komatsu:2010fb,
     author    = "Komatsu, E. and others",
 collaboration = "WMAP",
     title     = "{Seven-Year Wilkinson Microwave Anisotropy Probe (WMAP) Observations: Cosmological Interpretation}",
     journal   = "Astrophys. J. Suppl.",
     volume    = "192",
     year      = "2011",
     pages     = "18",
     eprint    = "1001.4538",
     archivePrefix = "arXiv",
     primaryClass  =  "astro-ph.CO",
     doi       = "10.1088/0067-0049/192/2/18",
     SLACcitation  = "%%CITATION = 1001.4538;%%"
}

@article{Peebles:2002gy,
      author         = "Peebles, P.J.E. and Ratra, Bharat",
      title          = "{The Cosmological constant and dark energy}",
      journal        = "Rev.Mod.Phys.",
      volume         = "75",
      pages          = "559-606",
      doi            = "10.1103/RevModPhys.75.559",
      year           = "2003",
      eprint         = "astro-ph/0207347",
      archivePrefix  = "arXiv",
      primaryClass   = "astro-ph",
      reportNumber   = "KSUPT-02-3",
      SLACcitation   = "%%CITATION = ASTRO-PH/0207347;%%",
}

@ARTICLE{1959BAN....14..323V,
   author = {{Volders}, L.~M.~J.~S.},
    title = "{Neutral hydrogen in M 33 and M 101}",
  journal = "{Bulletin of the Astronomical Institutes of the Netherlands}",
     year = 1959,
   volume = 14,
    pages = {323},
     note = "\url{http://adsabs.harvard.edu/abs/1959BAN....14..323V}",
   adsurl = {http://adsabs.harvard.edu/abs/1959BAN....14..323V},
  adsnote = {Provided by the SAO/NASA Astrophysics Data System}
}

@article{Vikhlinin:2005mp,
      author         = "Vikhlinin, Alexey and Kravtsov, A. and Forman, W. and
                        Jones, C. and Markevitch, M. and others",
      title          = "{Chandra sample of nearby relaxed galaxy clusters: Mass,
                        gas fraction, and mass-temperature relation}",
      journal        = "Astrophys.J.",
      volume         = "640",
      pages          = "691-709",
      doi            = "10.1086/500288",
      year           = "2006",
      eprint         = "astro-ph/0507092",
      archivePrefix  = "arXiv",
      primaryClass   = "astro-ph",
      SLACcitation   = "%%CITATION = ASTRO-PH/0507092;%%",
}

@article{Refregier:2003ct,
      author         = "Refregier, Alexandre",
      title          = "{Weak gravitational lensing by large scale structure}",
      journal        = "Ann.Rev.Astron.Astrophys.",
      volume         = "41",
      pages          = "645-668",
      doi            = "10.1146/annurev.astro.41.111302.102207",
      year           = "2003",
      eprint         = "astro-ph/0307212",
      archivePrefix  = "arXiv",
      primaryClass   = "astro-ph",
      SLACcitation   = "%%CITATION = ASTRO-PH/0307212;%%",
}

@article{Clowe:2006eq,
      author         = "Clowe, Douglas and Bradac, Marusa and Gonzalez, Anthony
                        H. and Markevitch, Maxim and Randall, Scott W. and others",
      title          = "{A direct empirical proof of the existence of dark
                        matter}",
      journal        = "Astrophys.J.",
      volume         = "648",
      pages          = "L109-L113",
      doi            = "10.1086/508162",
      year           = "2006",
      eprint         = "astro-ph/0608407",
      archivePrefix  = "arXiv",
      primaryClass   = "astro-ph",
      reportNumber   = "SLAC-PUB-12078",
      SLACcitation   = "%%CITATION = ASTRO-PH/0608407;%%",
}


@article{Aprile:2010um,
      author         = "Aprile, E. and others",
      title          = "{First Dark Matter Results from the XENON100 Experiment}",
      collaboration  = "XENON100 Collaboration",
      journal        = "Phys.Rev.Lett.",
      volume         = "105",
      pages          = "131302",
      doi            = "10.1103/PhysRevLett.105.131302",
      year           = "2010",
      note           = "5 pages, 5 figures. Matches published version",
      eprint         = "1005.0380",
      archivePrefix  = "arXiv",
      primaryClass   = "astro-ph.CO",
      SLACcitation   = "%%CITATION = ARXIV:1005.0380;%%",
}
@article{Angloher:2011uu,
      author         = "Angloher, G. and Bauer, M. and Bavykina, I. and Bento, A.
                        and Bucci, C. and others",
      title          = "{Results from 730 kg days of the CRESST-II Dark Matter
                        Search}",
      year           = "2011",
      eprint         = "1109.0702",
      archivePrefix  = "arXiv",
      primaryClass   = "astro-ph.CO",
      SLACcitation   = "%%CITATION = ARXIV:1109.0702;%%",
}




% --- QCD + Jets ---------------------------------------------
@article{bib:HERA:pdf,
      author         = "Aaron, F.D. and others",
      title          = "{Combined Measurement and QCD Analysis of the Inclusive $e^{\pm}p$ Scattering Cross Sections at HERA}",
      collaboration  = "H1 and ZEUS",
      journal        = "JHEP",
      volume         = "1001",
      pages          = "109",
      doi            = "10.1007/JHEP01(2010)109",
      year           = "2010",
      eprint         = "0911.0884",
      archivePrefix  = "arXiv",
      primaryClass   = "hep-ex",
}

@book{wigmans:calorimetry,
  Author = {Richard Wigmans},
  Title = {Calorimetry, Energy Measurement in Particle Physics},
  Series = {International Series of Monographs on Physics},
  Volume = {107},
  Publisher = {Oxford University Press},
  Address = {New York},
  Year = {2000},
  Note = {ISBN 0-19-850296-6}
}

@inproceedings{wigmans:144,
author = {Richard Wigmans},
title = {Calorimetry},
booktitle = {AIP Conference Proceedings},
volume = {674},
editor = {Luis Villasenor and Victor Villanueva},
collaboration = {},
publisher = {AIP},
year = {2003},
pages = {144-168},
note = "\href{http://link.aip.org/link/?APC/674/144/1}{\texttt{doi:10.1063/1.1604077}}"
}

@article{doi:10.1146/annurev.ns.32.120182.002003,
author = {Fabjan, C W and Ludlam, T},
title = {Calorimetry in High-Energy Physics},
journal = {Annual Review of Nuclear and Particle Science},
volume = {32},
number = {1},
pages = {335-389},
year = {1982},
doi = {10.1146/annurev.ns.32.120182.002003},
URL = {http://www.annualreviews.org/doi/abs/10.1146/annurev.ns.32.120182.002003}
}

@article{Gabriel1994336,
title = "Energy dependence of hadronic activity",
journal = "Nuclear Instruments and Methods in Physics Research Section A: Accelerators, Spectrometers, Detectors and Associated Equipment",
volume = "338",
number = "2–3",
pages = "336 - 347",
year = "1994",
note = "",
issn = "0168-9002",
doi = "10.1016/0168-9002(94)91317-X",
url = "http://www.sciencedirect.com/science/article/pii/016890029491317X",
author = "T.A. Gabriel and D.E. Groom and P.K. Job and N.V. Mokhov and G.R. Stevenson"
}

@article{Thomson200925,
title = "Particle flow calorimetry and the PandoraPFA algorithm",
journal = "Nuclear Instruments and Methods in Physics Research Section A: Accelerators, Spectrometers, Detectors and Associated Equipment",
volume = "611",
number = "1",
pages = "25 - 40",
year = "2009",
issn = "0168-9002",
doi = "10.1016/j.nima.2009.09.009",
author = "M.A. Thomson",
eprint         = "0907.3577",
archivePrefix  = "arXiv",
primaryClass   = "hep-ph"
}

@article{bib:AN2008-031,
 author = {Robert Harris and Konstantinos Kousouris},
 title = {Determination of the Relative Jet Energy Scale at CMS from Dijet Balance},
 journal       = {CMS Analysis Note},
 volume        = {CMS-AN-08-031},
 note = {Internal documentation},
 year          = {2008}
}

@article{bib:CMS:FlavourTagging,
  collaboration = {CMS},
  title         = {Jet Flavour identification (MC truth)},
  journal       = {CMS Wiki},
  note          = "\href{https://twiki.cern.ch/twiki/bin/view/CMSPublic/SWGuideBTagMCTools}{https://twiki.cern.ch/twiki/bin/view/CMSPublic/SWGuideBTagMCTools, Topic revision: r17}",
  url           = {https://twiki.cern.ch/twiki/bin/view/CMSPublic/SWGuideBTagMCTools},
  year          = {2011}
}

@article{Salam:2009jx,
      author         = "Salam, Gavin P.",
      title          = "{Towards Jetography}",
      journal        = "Eur.Phys.J.",
      volume         = "C67",
      pages          = "637-686",
      doi            = "10.1140/epjc/s10052-010-1314-6",
      year           = "2010",
      eprint         = "0906.1833",
      archivePrefix  = "arXiv",
      primaryClass   = "hep-ph",
      SLACcitation   = "%%CITATION = ARXIV:0906.1833;%%",
}

@article{0034-4885-70-1-R02,
  author={J M Campbell and J W Huston and W J Stirling},
  title={Hard interactions of quarks and gluons: a primer for LHC physics},
  journal={Reports on Progress in Physics},
  volume={70},
  number={1},
  pages={89},
  doi={10.1088/0034-4885/70/1/R02},
  url={http://stacks.iop.org/0034-4885/70/i=1/a=R02},
  year={2007},
      eprint         = "hep-ph/0611148",
      archivePrefix  = "arXiv",
      primaryClass   = "hep-ph"
}

@article{Sterman:2004pd,
      author         = "Sterman, George F.",
      title          = "{QCD and jets}",
      pages          = "67-145",
      year           = "2004",
      eprint         = "hep-ph/0412013",
      archivePrefix  = "arXiv",
      primaryClass   = "hep-ph",
      reportNumber   = "YITP-SB-04-59",
      note           = "2004",
      SLACcitation   = "%%CITATION = HEP-PH/0412013;%%",
}

@article{CMS-QCD-10-029,
  collaboration = {CMS},
  title         = {Shape, transverse size, and charged hadron multiplicity of jets in $pp$ collisions at 7\tev},
  JOURNAL      = "CMS Physics Analysis Summary",
  volume       = "\href{http://cdsweb.cern.ch/record/1440866}{CMS-PAS-QCD-10-029}",
  note         = {Submitted to JHEP},
  YEAR         = "2012"
}

@article{CMS-PAS-QCD-11-004,
  collaboration = {CMS},
  title         = {Measurement of Differential Jet Cross Sections at \mbox{$\sqrt{s} = 7\tev$} with the CMS Detector},
  JOURNAL      = "CMS Physics Analysis Summary",
  volume       = "\href{http://cdsweb.cern.ch/record/1431022}{CMS-PAS-QCD-11-004}",
  YEAR         = "2012"
}

@article{PhysRevLett.107.132001,
  volume = {107},
  journal = {Phys. Rev. Lett.},
  collaboration = {CMS},
  url = {http://link.aps.org/doi/10.1103/PhysRevLett.107.132001},
  doi = {10.1103/PhysRevLett.107.132001},
  year = {2011},
  title = {Measurement of the Inclusive Jet Cross Section in $pp$ Collisions at \mbox{$\sqrt{s} = 7\tev$}},
  issue = {13},
  publisher = {American Physical Society},
  numpages = {14},
  pages = {132001},
      eprint         = "1106.0208",
      archivePrefix  = "arXiv",
      primaryClass   = "hep-ex"
}

@article{Chatrchyan2011336,
  collaboration = {CMS},
title = "Measurement of the ratio of the 3-jet to 2-jet cross sections in $pp$ collisions at \mbox{$\sqrt{2} = 7\tev$}",
journal = "Physics Letters B",
volume = "702",
number = "5",
pages = "336 - 354",
year = "2011",
issn = "0370-2693",
doi = "10.1016/j.physletb.2011.07.067",
url = "http://www.sciencedirect.com/science/article/pii/S0370269311008719",
      eprint         = "1106.0647",
      archivePrefix  = "arXiv",
      primaryClass   = "hep-ex"
}

@article{Khachatryan:2010fm,
      title          = "{Measurement of the Isolated Prompt Photon Production
                        Cross Section in $pp$ Collisions at $\sqrt{s} = 7\tev$}",
      collaboration  = "CMS",
      journal        = "Phys.Rev.Lett.",
      volume         = "106",
      pages          = "082001",
      doi            = "10.1103/PhysRevLett.106.082001",
      year           = "2011",
      eprint         = "1012.0799",
      archivePrefix  = "arXiv",
      primaryClass   = "hep-ex",
      reportNumber   = "FERMILAB-PUB-10-624-CMS",
      SLACcitation   = "%%CITATION = ARXIV:1012.0799;%%",
}

@misc{bib:stirling:pcom,
  note = "W.J.~Stirling, private communication, and \url{http://www.hep.phy.cam.ac.uk/~wjs/plots/plots.html}",
  year          = {2011}
}

@inproceedings{Huth:217490,
      author       = "Huth, J E and Wainer, N and Meier, K and Hadley, N J and
                      Aversa, F and Greco, Mario and Chiappetta, P and Guillet, J
                      P and Ellis, S and Kunszt, ZoltÃ¡n and Soper, Davison
                      Eugene",
      title        = "Toward a standardization of jet definitions",
      number       = "FERMILAB-CONF-90-249-E",
      pages        = "134-136",
      editor       = "Berger, Edmond L",
      booktitle    = "1990 DPF Summer Study on High-energy Physics, Research Directions For The Decade, Snowmass, Colorado",
      publisher    = "World Scientific",
      year         = "1992",
}

@article{Pumplin:1992bv,
      author         = "Pumplin, Jon",
      title          = "{Quark - gluon jet differences at LEP}",
      journal        = "Phys.Rev.",
      volume         = "D48",
      pages          = "1112-1116",
      doi            = "10.1103/PhysRevD.48.1112",
      year           = "1993",
      eprint         = "hep-ph/9301215",
      archivePrefix  = "arXiv",
      primaryClass   = "hep-ph",
      reportNumber   = "MSUTH-92-04",
      SLACcitation   = "%%CITATION = HEP-PH/9301215;%%",
}

@article{PhysRevD.71.112002,
  volume = {71},
  journal = {Phys. Rev. D},
  collaboration = {CDF},
  url = {http://link.aps.org/doi/10.1103/PhysRevD.71.112002},
  doi = {10.1103/PhysRevD.71.112002},
  year = {2005},
  title = {Study of jet shapes in inclusive jet production in $p\overline{p}$ collisions at \mbox{$\sqrt{s}=1.96\tev$}},
  issue = {11},
  publisher = {American Physical Society},
  numpages = {15},
  pages = {112002},
      eprint         = "hep-ex/0505013",
      archivePrefix  = "arXiv",
      primaryClass   = "hep-ex"
}

@article{Brandt196457,
title = "The principal axis of jets â€” an attempt to analyse high-energy collisions as two-body processes",
journal = "Physics Letters",
volume = "12",
number = "1",
pages = "57 - 61",
year = "1964",
issn = "0031-9163",
doi = "10.1016/0031-9163(64)91176-X",
url = "http://www.sciencedirect.com/science/article/pii/003191636491176X",
author = "S. Brandt and Ch. Peyrou and R. Sosnowski and A. Wroblewski"
}

@article{PhysRevD.36.2019,
  volume = {36},
  journal = {Phys. Rev. D},
  author = {Sj\"ostrand, Torbj\"orn and van Zijl, Maria},
  url = {http://link.aps.org/doi/10.1103/PhysRevD.36.2019},
  doi = {10.1103/PhysRevD.36.2019},
  year = {1987},
  title = {A multiple-interaction model for the event structure in hadron collisions},
  issue = {7},
  publisher = {American Physical Society},
  pages = {2019 -- 2041}
}

@article{Chatrchyan:2011id,
      title          = "{Measurement of the Underlying Event Activity at the LHC with \mbox{$\sqrt{s}= 7\tev$} and Comparison with \mbox{$\sqrt{s} = 0.9\tev$}}",
      collaboration  = "CMS",
      journal        = "JHEP",
      volume         = "1109",
      pages          = "109",
      doi            = "10.1007/JHEP09(2011)109",
      year           = "2011",
      eprint         = "1107.0330",
      archivePrefix  = "arXiv",
      primaryClass   = "hep-ex",
      reportNumber   = "CMS-PAS-QCD-10-010, CERN-PH-EP-2011-059",
      SLACcitation   = "%%CITATION = ARXIV:1107.0330;%%",
}

@article{Drell:1970yt,
      author         = "Drell, S.D. and Yan, Tung-Mow",
      title          = "{Partons and their Applications at High-Energies}",
      journal        = "Annals Phys.",
      volume         = "66",
      pages          = "578",
      doi            = "10.1016/0003-4916(71)90071-6",
      year           = "1971",
      reportNumber   = "SLAC-PUB-0808",
      SLACcitation   = "%%CITATION = APNYA,66,578;%%",
}

@article{Collins:1987pm,
      author         = "Collins, John C. and Soper, Davison E.",
      title          = "{The Theorems of Perturbative QCD}",
      journal        = "Ann.Rev.Nucl.Part.Sci.",
      volume         = "37",
      pages          = "383-409",
      year           = "1987",
      reportNumber   = "OITS-350",
      doi            = "10.1146/annurev.ns.37.120187.002123",
      SLACcitation   = "%%CITATION = ARNUA,37,383;%%",
}

@Article{Gribov:1972ri,
     author    = "Gribov, V. N. and Lipatov, L. N.",
     title     = "{Deep inelastic $ep$ scattering in perturbation theory}",
     journal   = "Sov. J. Nucl. Phys.",
     volume    = "15",
     year      = "1972",
     pages     = "438-450",
     SLACcitation  = "%%CITATION = SJNCA,15,438;%%"
}

@Article{Altarelli:1977zs,
     author    = "Altarelli, Guido and Parisi, G.",
     title     = "{Asymptotic Freedom in Parton Language}",
     journal   = "Nucl. Phys.",
     volume    = "B126",
     year      = "1977",
     pages     = "298",
     doi       = "10.1016/0550-3213(77)90384-4",
     SLACcitation  = "%%CITATION = NUPHA,B126,298;%%"
}

@Article{Dokshitzer:1977sg,
     author    = "Dokshitzer, Yuri L.",
     title     = "{Calculation of the Structure Functions for Deep Inelastic
                  Scattering and $e^{+}e^{-}$ Annihilation by Perturbation Theory in
                  Quantum Chromodynamics}",
     journal   = "Sov. Phys. JETP",
     volume    = "46",
     year      = "1977",
     pages     = "641-653",
     SLACcitation  = "%%CITATION = SPHJA,46,641;%%"
}

@article{Sterman:1977wj,
      author         = "Sterman, George F. and Weinberg, Steven",
      title          = "{Jets from Quantum Chromodynamics}",
      journal        = "Phys.Rev.Lett.",
      volume         = "39",
      pages          = "1436",
      doi            = "10.1103/PhysRevLett.39.1436",
      year           = "1977",
      reportNumber   = "HUTP-77/A044",
      SLACcitation   = "%%CITATION = PRLTA,39,1436;%%",
}

@article{Salam:2007xv,
      author         = "Salam, Gavin P. and Soyez, Gregory",
      title          = "{A Practical Seedless Infrared-Safe Cone jet algorithm}",
      journal        = "JHEP",
      volume         = "0705",
      pages          = "086",
      doi            = "10.1088/1126-6708/2007/05/086",
      year           = "2007",
      eprint         = "0704.0292",
      archivePrefix  = "arXiv",
      primaryClass   = "hep-ph",
      SLACcitation   = "%%CITATION = ARXIV:0704.0292;%%",
}

@article{PhysRevD.48.3160,
  volume = {48},
  journal = {Phys. Rev. D},
  author = {Ellis, Stephen D. and Soper, Davison E.},
  month = {Oct},
  url = {http://link.aps.org/doi/10.1103/PhysRevD.48.3160},
  doi = {10.1103/PhysRevD.48.3160},
  year = {1993},
  title = {Successive combination jet algorithm for hadron collisions},
  issue = {7},
  publisher = {American Physical Society},
  pages = {3160 -- 3166}
}

@article{Dokshitzer:1997in,
      author         = "Dokshitzer, Yuri L. and Leder, G.D. and Moretti, S. and
                        Webber, B.R.",
      title          = "{Better jet clustering algorithms}",
      journal        = "JHEP",
      volume         = "9708",
      pages          = "001",
      year           = "1997",
      eprint         = "hep-ph/9707323",
      archivePrefix  = "arXiv",
      primaryClass   = "hep-ph",
      reportNumber   = "CAVENDISH-HEP-97-06",
      doi            = "10.1088/1126-6708/1997/08/001",
      SLACcitation   = "%%CITATION = HEP-PH/9707323;%%",
}

@article{Wobisch:1998wt,
      author         = "Wobisch, M. and Wengler, T.",
      title          = "{Hadronization corrections to jet cross-sections in deep
                        inelastic scattering}",
      year           = "1998",
      eprint         = "hep-ph/9907280",
      archivePrefix  = "arXiv",
      primaryClass   = "hep-ph",
      reportNumber   = "PITHA-99-16",
      note           = "DESY-THESIS-2000-049",
      SLACcitation   = "%%CITATION = HEP-PH/9907280;%%",
}

@article{1126-6708-2008-04-063,
  author={Matteo Cacciari and Gavin P. Salam and Gregory Soyez},
  title={The anti-$k_\text{T}$ jet clustering algorithm},
  journal={Journal of High Energy Physics},
  volume={2008},
  number={04},
  pages={063},
 doi       = {10.1088/1126-6708/2008/04/063},
  url={http://stacks.iop.org/1126-6708/2008/i=04/a=063},
  year={2008},
      eprint         = "0802.1189",
      archivePrefix  = "arXiv",
      primaryClass   = "hep-ph"
}

@article{Cacciari:2011ma,
      author         = "Cacciari, Matteo and Salam, Gavin P. and Soyez, Gregory",
      title          = "{FastJet user manual}",
      year           = "2011",
      eprint         = "1111.6097",
      archivePrefix  = "arXiv",
      primaryClass   = "hep-ph",
      reportNumber   = "CERN-PH-TH-2011-297",
      SLACcitation   = "%%CITATION = ARXIV:1111.6097;%%",
}

@article{Cacciari:2005hq,
      author         = "Cacciari, Matteo and Salam, Gavin P.",
      title          = "{Dispelling the $N^{3}$ myth for the $k_t$ jet-finder}",
      journal        = "Phys.Lett.",
      volume         = "B641",
      pages          = "57-61",
      doi            = "10.1016/j.physletb.2006.08.037",
      year           = "2006",
      eprint         = "hep-ph/0512210",
      archivePrefix  = "arXiv",
      primaryClass   = "hep-ph",
      reportNumber   = "LPTHE-05-32",
      SLACcitation   = "%%CITATION = HEP-PH/0512210;%%",
}

@article{CMS-PAS-JME-09-002,
  collaboration = {CMS},
  title         = {The Jet Plus Tracks Algorithm for Calorimeter Jet Energy Corrections in CMS},
  JOURNAL      = "CMS Physics Analysis Summary",
  volume       = "\href{http://cdsweb.cern.ch/record/1190234}{CMS-PAS-JME-09-002}",
  YEAR         = "2009"
}

@article{CMS-PAS-JME-10-006,
      title        = "Commissioning of TrackJets in pp Collisions at 7 TeV",
  JOURNAL      = "CMS Physics Analysis Summary",
  volume       = "\href{cdsweb.cern.ch/record/1275133}{CMS-PAS-JME-10-006}",
      year         = "2010"
}

@article{Khachatryan:2011dx,
      author         = "Khachatryan, Vardan and others",
      title          = "{First Measurement of Hadronic Event Shapes in $pp$ Collisions at \mbox{$\sqrt{s} = 7\tev$}}",
      collaboration  = "CMS Collaboration",
      journal        = "Phys.Lett.",
      volume         = "B699",
      pages          = "48-67",
      doi            = "10.1016/j.physletb.2011.03.060",
      year           = "2011",
      eprint         = "1102.0068",
      archivePrefix  = "arXiv",
      primaryClass   = "hep-ex",
      reportNumber   = "CMS-PAS-QCD-10-013, CERN-PH-EP-2010-072",
      SLACcitation   = "%%CITATION = ARXIV:1102.0068;%%",
}

@article{Ellis:2009me,
      author         = "Ellis, Stephen D. and Vermilion, Christopher K. and
                        Walsh, Jonathan R.",
      title          = "{Recombination Algorithms and Jet Substructure: Pruning
                        as a Tool for Heavy Particle Searches}",
      journal        = "Phys.Rev.",
      volume         = "D81",
      pages          = "094023",
      doi            = "10.1103/PhysRevD.81.094023",
      year           = "2010",
      eprint         = "0912.0033",
      archivePrefix  = "arXiv",
      primaryClass   = "hep-ph",
      SLACcitation   = "%%CITATION = ARXIV:0912.0033;%%",
}

@article{Ellis:2009su,
      author         = "Ellis, Stephen D. and Vermilion, Christopher K. and
                        Walsh, Jonathan R.",
      title          = "{Techniques for improved heavy particle searches with jet
                        substructure}",
      journal        = "Phys.Rev.",
      volume         = "D80",
      pages          = "051501",
      doi            = "10.1103/PhysRevD.80.051501",
      year           = "2009",
      eprint         = "0903.5081",
      archivePrefix  = "arXiv",
      primaryClass   = "hep-ph",
      SLACcitation   = "%%CITATION = ARXIV:0903.5081;%%",
}

@article{CMS-PAS-EXO-11-006,
  collaboration = {CMS},
  title        = "Search for BSM $t\bar{t}$ Production in the Boosted
                   All-Hadronic Final State",
  JOURNAL      = "CMS Physics Analysis Summary",
  volume       = "CMS-PAS-EXO-11-006",
  year         = "2011"
}

@misc{bib:dthesis:denis,
  author = {Denis Rathjens},
  title = {Particle Reconstruction at the LHC using Jet Substructure Algorithms},
  note = {Diploma thesis CMS TS-2012-020, Universit\"at Hamburg, Hamburg, Germany},
  year = {2011}
}

@article{springerlink:10.1140/epjst/e2008-00777-8,
   author = {Br\"ommel, D. and G\"ockeler, M. and H\"agler, P. and Horsley, R. and Nakamura, Y. and Ohtani, M. and Pleiter, D. and Rakow, P. and Sch\"afer, A. and Schierholz, G. and Schroers, W. and St\"uben, H. and Zanotti, J.},
   affiliation = {University of Southampton School of Physics and Astronomy Southampton SO17 1BJ UK},
   title = {Hadronic structure from the lattice},
   journal = {The European Physical Journal - Special Topics},
   publisher = {Springer Berlin / Heidelberg},
   issn = {1951-6355},
   keyword = {Physics and Astronomy},
   pages = {63-71},
   volume = {162},
   issue = {1},
   url = {http://dx.doi.org/10.1140/epjst/e2008-00777-8},
   doi = {10.1140/epjst/e2008-00777-8},
   year = {2008}
}


% --- RA2 and related -------------------------------------
@article{springerlink:10.1007/JHEP08(2011)155,
   collaboration = {CMS},
   title = {Search for new physics with jets and missing transverse momentum in $pp$ collisions at \mbox{$\sqrt{s}=7\tev$}},
   journal = {Journal of High Energy Physics},
   publisher = {Springer Berlin / Heidelberg},
   issn = {1029-8479},
   keyword = {Physics},
   pages = {1-46},
   volume = {2011},
   issue = {8},
   url = {http://dx.doi.org/10.1007/JHEP08(2011)155},
   doi = {10.1007/JHEP08(2011)155},
   eprint         = "1106.4503",
   archivePrefix  = "arXiv",
   primaryClass   = "hep-ex",
   year = {2011}
}

@article{CMS-PAS-SUS-11-004,
      title         = {Search for supersymmetry in all-hadronic events with missing energy},
      collaboration = {CMS},
      journal       = {CMS Physics Analysis Summary},
      volume        = "\href{http://cdsweb.cern.ch/record/1378478/}{CMS-PAS-SUS-11-004}",
      url           = {http://cdsweb.cern.ch/record/1378478/},
      year          = {2011}
}

@article{PhysRevLett.107.221804,
  collaboration = {CMS},
  journal = {Phys. Rev. Lett.},
  numpages = {16},
  doi = {10.1103/PhysRevLett.107.221804},
  issue = {22},
  author = {},
  title = {Search for Supersymmetry at the LHC in Events with Jets and Missing Transverse Energy},
  year = {2011},
  url = {http://link.aps.org/doi/10.1103/PhysRevLett.107.221804},
  publisher = {American Physical Society},
  pages = {221804},
  volume = {107},
      eprint         = "1109.2352",
      archivePrefix  = "arXiv",
      primaryClass   = "hep-ex"
}

@article{CMS-PAS-SUS-12-005,
  collaboration = {CMS},
      title     = "Search for supersymmetry with the razor variables at CMS",
  journal       = {CMS Physics Analysis Summary},
  volume        = "\href{http://cdsweb.cern.ch/record/1430715}{CMS-PAS-SUS-12-005}",
      year      = "2012"
}

@article{bib:CMS:PhysicsResultsSUS,
  collaboration = {CMS},
  title         = {CMS Supersymmetry Physics Results},
  journal       = {CMS Wiki},
  note          = {https://twiki.cern.ch/twiki/bin/view/CMSPublic/PhysicsResultsSUS, Topic revision: r76},
  url           = {https://twiki.cern.ch/twiki/bin/view/CMSPublic/PhysicsResultsSUS},
  year          = {2011}
}

@article{PhysRevLett.101.221803,
  volume = {101},
  journal = {Phys. Rev. Lett.},
  numpages = {4},
  month = {Nov},
  title = {Dijet Searches for Supersymmetry at the Large Hadron Collider},
  author = {Randall, Lisa and Tucker-Smith, David},
  year = {2008},
  url = {http://link.aps.org/doi/10.1103/PhysRevLett.101.221803},
  doi = {10.1103/PhysRevLett.101.221803},
  issue = {22},
  publisher = {American Physical Society},
  pages = {221803}
}

@article{Rogan:2010kb,
      author         = "Rogan, Christopher",
      title          = "{Kinematical variables towards new dynamics at the LHC}",
      year           = "2010",
      eprint         = "1006.2727",
      archivePrefix  = "arXiv",
      primaryClass   = "hep-ph",
}

@Article{Lester:1999tx,
     author    = "Lester, C. G. and Summers, D. J.",
     title     = "{Measuring masses of semi-invisibly decaying particles pair
                  produced at hadron colliders}",
     journal   = "Phys. Lett.",
     volume    = "B 463",
     year      = "1999",
     pages     = "99-103",
     eprint    = "hep-ph/9906349",
     archivePrefix = "arXiv",
     doi       = "10.1016/S0370-2693(99)00945-4",
     SLACcitation  = "%%CITATION = HEP-PH/9906349;%%"
}

@Article{Barr:2003rg,
     author    = "Barr, Alan and Lester, Christopher and Stephens, P.",
     title     = "{$m_{T2}$: the Truth behind the glamour}",
     journal   = "J. Phys. G",
     volume    = "29",
     year      = "2003",
     pages     = "2343-2363",
     eprint    = "hep-ph/0304226",
     archivePrefix = "arXiv",
     doi       = "10.1088/0954-3899/29/10/304",
     SLACcitation  = "%%CITATION = HEP-PH/0304226;%%"
}

@article{CMS-PAS-SUS-12-002,
 collaboration = {CMS},
      title    = "Search for Supersymmetry in hadronic final states using  $M_{\text{T}2}$ with the CMS detector at \mbox{$\sqrt{s} = 7\tev$}",
 JOURNAL      = "CMS Physics Analysis Summary",
 volume       = "\href{https://cdsweb.cern.ch/record/1444892}{CMS-PAS-SUS-12-002}",
 year         = "2012",
 note = "Submitted to PRD"
}

@article{Chatrchyan:2011bj,
      title          = "{Search for Supersymmetry in Events with b Jets and
                        Missing Transverse Momentum at the LHC}",
      collaboration  = "CMS",
      journal        = "JHEP",
      volume         = "1107",
      pages          = "113",
      doi            = "10.1007/JHEP07(2011)113",
      year           = "2011",
      eprint         = "1106.3272",
      archivePrefix  = "arXiv",
      primaryClass   = "hep-ex",
      reportNumber   = "CMS-SUS-10-011, CERN-PH-EP-2011-067",
      SLACcitation   = "%%CITATION = ARXIV:1106.3272;%%",
}

@article{CMS-PAS-SUS-11-006,
  collaboration = {CMS},
  title         = "Search for new physics in events with b-quark jets and missing transverse energy in proton-proton collisions at 7\tev",
  JOURNAL      = "CMS Physics Analysis Summary",
  volume       = "\href{http://cdsweb.cern.ch/record/1390493}{CMS-PAS-SUS-11-006}",
  year          = "2011"
}

@book{bib:bootstrap,
  Author =   {Bradley Efron},
  Title     = {The Jackknife, the Bootstrap, and Other Resampling Plans},
  Series    = {CBMS-NSF Regional Conference Series in Applied Mathematics},
  Publisher = {Society for Industrial  Mathematics},
  Year      = {1987},
  Note      = {ISBN 0-898-71179-7}
}

@PHDTHESIS{bib:phd:sueann,
 author  = {Sue Ann Koay},
 title   = {A Search for Dark Matter Production with Jets and Missing Momentum Signature in Proton-Proton Collisions at 7\tev},
 school  = {University of California},
 address = {Santa Barbara},
 note    = {CMS TS-11-024},
 year    = {2011}
}

@manual{bib:pdf4lhc,
  author        = "{The PDF4LHC Working Group}",
  title         = {Recommendation for LHC cross section calculations},
  note          = "\url{http://www.hep.ucl.ac.uk/pdf4lhc/index.html}",
  year          = {2011}
}

@article{CMS:2011aa,
      title          = "Measurement of the Inclusive W and Z Production Cross Sections in pp Collisions at \mbox{$\sqrt{s} = 7\tev$}",
      collaboration  = "CMS",
      journal        = "JHEP",
      volume         = "1110",
      pages          = "132",
      doi            = "10.1007/JHEP10(2011)132",
      year           = "2011",
      eprint         = "1107.4789",
      archivePrefix  = "arXiv",
      primaryClass   = "hep-ex",
      reportNumber   = "FERMILAB-PUB-11-705-CMS, CMS-PAS-EWK-10-005,
                        CERN-PH-EP-2011-107",
      SLACcitation   = "%%CITATION = ARXIV:1107.4789;%%",
}

@article{ArkaniHamed:2007fw,
      author         = "Arkani-Hamed, Nima and Schuster, Philip and Toro, Natalia
                        and Thaler, Jesse and Wang, Lian-Tao and others",
      title          = "{MARMOSET: The Path from LHC Data to the New Standard
                        Model via On-Shell Effective Theories}",
      year           = "2007",
      eprint         = "hep-ph/0703088",
      archivePrefix  = "arXiv",
      primaryClass   = "HEP-PH",
      reportNumber   = "FERMILAB-FN-0800-CD",
      SLACcitation   = "%%CITATION = HEP-PH/0703088;%%",
}

@article{Alwall:2008ag,
      author         = "Alwall, Johan and Schuster, Philip and Toro, Natalia",
      title          = "{Simplified Models for a First Characterization of New
                        Physics at the LHC}",
      journal        = "Phys.Rev.",
      volume         = "D79",
      pages          = "075020",
      doi            = "10.1103/PhysRevD.79.075020",
      year           = "2009",
      eprint         = "0810.3921",
      archivePrefix  = "arXiv",
      primaryClass   = "hep-ph",
      reportNumber   = "SLAC-PUB-13425, SU-ITP-08-24",
      SLACcitation   = "%%CITATION = ARXIV:0810.3921;%%",
}

@article{Alwall:2008va,
      author         = "Alwall, Johan and Le, My-Phuong and Lisanti, Mariangela
                        and Wacker, Jay G.",
      title          = "{Model-Independent Jets plus Missing Energy Searches}",
      journal        = "Phys.Rev.",
      volume         = "D79",
      pages          = "015005",
      doi            = "10.1103/PhysRevD.79.015005",
      year           = "2009",
      eprint         = "0809.3264",
      archivePrefix  = "arXiv",
      primaryClass   = "hep-ph",
      reportNumber   = "SLAC-PUB-13405",
      SLACcitation   = "%%CITATION = ARXIV:0809.3264;%%",
}

@article{CMS-PAS-SUS-11-016,
  collaboration = {CMS},
  journal       = {CMS Physics Analysis Summary},
  volume        = "\href{http://cdsweb.cern.ch/record/1445580}{CMS-PAS-SUS-11-016}",
   title        = "Interpretation of Searches for Supersymmetry",
   year         = "2012",
}

@article{bib:AN2011-398,
 author = "Christian Autermann and Anwar Bhatti and Rick Cavanaugh and Arne-Rasmus Draeger and Daniel Elvira and Hongxuan Liu and Tara Scarborough and Kenichi Hatakeyama and Seema Sharma and Stephen Mrenna and Samantha Hewamanage and Pete Markowitz and Jorge L. Rodriguez and Christian Sander and Matthias {Schr\"oder} and Peter Schleper and Jan Thomsen and Florent Lacroix and Sudarshan Paramesvaran and Jared Sturdy and Gheorghe Lungu and Marek Zielinski",
 title = {Inclusive search for new physics at CMS with the jets and missing momentum signature},
 journal       = {CMS Analysis Note},
 volume        = {CMS-AN-11-398},
 note = {Internal documentation},
 year          = {2012}
}

@article{bib:TWiki:SUS12011,
  collaboration = {CMS},
  title         = {Search for new physics in the multijets + missing transverse energy final state in 7\tev proton-proton collisions},
  journal       = {CMS Wiki},
  note          = "\href{https://twiki.cern.ch/twiki/bin/view/CMSPublic/PhysicsResultsSUS12011}{https://twiki.cern.ch/twiki/bin/view/CMSPublic/PhysicsResultsSUS12011, Topic revision: r2}",
  url           = {https://twiki.cern.ch/twiki/bin/view/CMSPublic/PhysicsResultsSUS12011},
  year          = {2012}
}

@phdthesis{bib:phd:jan,
      author         = {Jan Thomsen},
      title          = {Search for Supersymmetry in the Hadronic Channel with Data from the CMS Experiment},
      school         = {Universit\"at Hamburg},
      address        = {Hamburg, Germany},
      year           = {2012}
}

@article{bib:AN-10-383,
 author = {F. Beaudette and R. Bellan and D. Benedetti and C. Bernet and M. D'Alfonso and S. Gennai and M. Gouzevitch and J. Hegeman and J. Incandela and P. Janot and S. A. Koay and S. Lowette and N. McColl and L. Malgeri and M. Nguyen and W. Reece and R. Rossin},
 title = {Fake missing transverse momentum in the RA2 analysis},
 journal       = {CMS Analysis Note},
 volume        = {CMS-AN-10-383},
 note = {Internal documentation},
 year          = {2010}
}




% --- LHC, CMS detector performance, object reconstruction ----
@inproceedings{Turner:235242,
      author       = {Bryant, P J},
      title        = {A brief history and review of accelerators},
      pages        = {1 -- 16},
      editor       = {Turner, Stuart},
      booktitle    = {CAS -- CERN Accelerator School: 5th General Accelerator Physics Course},
      organization = {CERN},
      publisher    = {CERN},
      address      = {Jyv\"askyl\"a, Finland},
      year         = "1992",
      note         = "\href{http://cdsweb.cern.ch/record/235242}{CERN-94-01-V-1. CERN-94-01-V-2}"
}

@article{1748-0221-3-08-S08001,
  author={Lyndon Evans and Philip Bryant},
  title={LHC Machine},
  journal={Journal of Instrumentation},
  volume={3},
  number={08},
  pages={S08001},
  url={http://stacks.iop.org/1748-0221/3/i=08/a=S08001},
  year={2008},
  doi={10.1088/1748-0221/3/08/S08001}
}

@book{Bruning:782076,
      author       = {Br\"uning, Oliver Sim and Collier, Paul and Lebrun, P and
                      Myers, Stephen and Ostojic, Ranko and Poole, John and
                      Proudlock, Paul},
      title        = "LHC Design Report",
      publisher    = "CERN",
      address      = "Geneva",
      year         = "2004",
      note         = "\href{http://cdsweb.cern.ch/record/782076}{CERN-2004-003-V-1}",
      volume       = "1: The LHC Main Ring"
}

@inproceedings{ipac11:lamont,
  author         = {Mike Lamont},
  title          = {The LHC from Commissioning to Operation},
  pages          = {11 -- 15},
  booktitle      = {Proceedings of the 2nd International Particle Accelerator Conference IPAC11},
  address        = {San Sebasti\'an, Spain},
  editor         = {Christine Petit-Jean-Genaz},
  note           = "\url{http://www.jacow.org/}",
  year           = {2011}
}

@article{CMS:2012rua,
	author         = "CMS Collaboration",
	title          = "{Absolute Calibration of the Luminosity Measurement at
	CMS: Winter 2012 Update}",
	collaboration  = "CMS",
	year           = "2012",
	reportNumber   = "CMS-PAS-SMP-12-008",
	SLACcitation   = "%%CITATION = CMS-PAS-SMP-12-008;%%"
}

@techreport{Bailey:691782,
      author       = "Bailey, R and Collier, Paul",
      title        = "Standard Filling Schemes for Various LHC Operation Modes",
      institution  = "CERN",
      address      = "Geneva",
      number       = "\href{http://cdsweb.cern.ch/record/691782}{LHC-PROJECT-NOTE-323}",
      year         = "2003",
}


@article{Chatrchyan:2008zzk,
 collaboration = {CMS},
      title          = "{The CMS experiment at the CERN LHC}",
      collaboration  = "CMS Collaboration",
      journal        = "JINST",
      volume         = "3",
      pages          = "S08004",
      doi            = "10.1088/1748-0221/3/08/S08004",
      year           = "2008",
      SLACcitation   = "%%CITATION = JINST,3,S08004;%%",
}

@book{bib:cmsptdr1,
 collaboration = {CMS},
 title = {CMS Detector Performance and Software},
 series = {CMS Physics Technical Design Report},
 volume = {1},
      publisher    = "CERN",
      address      = "Geneva",
      year         = "2006",
      note         = "\href{http://cdsweb.cern.ch/record/922757}{CMS-TDR-008-1. CERN-LHCC-2006-001}",
}

@article{det::ATLAS,
      author         = "Aad, G. and others",
      title          = "{The ATLAS Experiment at the CERN Large Hadron Collider}",
      collaboration  = "ATLAS",
      journal        = "JINST",
      volume         = "3",
      pages          = "S08003",
      doi            = "10.1088/1748-0221/3/08/S08003",
      year           = "2008",
      SLACcitation   = "%%CITATION = JINST,3,S08003;%%"
}

@article{det::LHCb,
      author         = "Alves, A.Augusto, Jr. and others",
      title          = "{The LHCb Detector at the LHC}",
      collaboration  = "LHCb",
      journal        = "JINST",
      volume         = "3",
      pages          = "S08005",
      doi            = "10.1088/1748-0221/3/08/S08005",
      year           = "2008",
      SLACcitation   = "%%CITATION = JINST,3,S08005;%%"
}

@article{det::ALICE,
      author         = "Aamodt, K. and others",
      title          = "{The ALICE experiment at the CERN LHC}",
      collaboration  = "ALICE",
      journal        = "JINST",
      volume         = "3",
      pages          = "S08002",
      doi            = "10.1088/1748-0221/3/08/S08002",
      year           = "2008",
      SLACcitation   = "%%CITATION = JINST,3,S08002;%%",
}

@article{Adriani:2008zz,
	author         = "Adriani, O. and others",
	title          = "{The LHCf detector at the CERN Large Hadron Collider}",
	collaboration  = "LHCf",
	journal        = "JINST",
	volume         = "3",
	year           = "2008",
	pages          = "S08006",
	doi            = "10.1088/1748-0221/3/08/S08006",
	SLACcitation   = "%%CITATION = JINST,3,S08006;%%"
}

@article{Anelli:2008zza,
	author         = "Anelli, G. and others",
	title          = "{The TOTEM experiment at the CERN Large Hadron Collider}",
	collaboration  = "TOTEM",
	journal        = "JINST",
	volume         = "3",
	year           = "2008",
	pages          = "S08007",
	doi            = "10.1088/1748-0221/3/08/S08007",
	SLACcitation   = "%%CITATION = JINST,3,S08007;%%"
}

@unpublished{Christiane:1260465,
      author       = "Christiane Lef\`evre",
      title        = "The CERN accelerator complex",
      year         = "2008",
      note         = "\href{http://cdsweb.cern.ch/record/1260465}{CERN-DI-0812015}"
}

@Article{bib:cmsptrd2,
 collaboration = "CMS",
     title     = "{CMS technical design report, volume II: Physics performance}",
     journal   = "J. Phys.",
     volume    = "G34",
     year      = "2007",
     pages     = "995-1579",
     doi       = "10.1088/0954-3899/34/6/S01",
     SLACcitation  = "%%CITATION = JPHGB,G34,995;%%"
}

@book{bib:cmstdr:hcal,
  collaboration = {CMS},
  title         = {The CMS hadron calorimeter project},
  publisher     = {CERN},
  volume        = {2},
  address       = {Geneva},
  series        = {Technical Design Report CMS},
  year          = {1997},
  note          = "\href{http://cdsweb.cern.ch/record/357153}{CMS-TDR-002. CERN-LHCC-97-031}"
}

@book{bib:cmstdr:muon,
  collaboration = {CMS},
  title         = {The CMS muon project},
  publisher     = {CERN},
  volume        = {3},
  address       = {Geneva},
  series        = {Technical Design Report CMS},
  year          = {1997},
  note          = "\href{http://cdsweb.cern.ch/record/343814}{CMS-TDR-003. CERN-LHCC-97-032}"
}

@book{bib:cmstdr:ecal,
  collaboration = {CMS},
  title         = {The CMS electromagnetic calorimeter project},
  publisher     = {CERN},
  volume        = {4},
  address       = {Geneva},
  series        = {Technical Design Report CMS},
  year          = {1997},
  note          = "\href{http://cdsweb.cern.ch/record/349375}{CMS-TDR-004. CERN-LHCC-97-033}"
}

@book{bib:cmstdr:tracker,
  collaboration = {CMS},
  title         = {The CMS tracker system project},
  publisher     = {CERN},
  volume        = {5},
  address       = {Geneva},
  series        = {Technical Design Report CMS},
  year          = {1997},
  note          = "\href{http://cdsweb.cern.ch/record/368412}{CMS-TDR-005. CERN-LHCC-98-006}"
}

@book{bib:cmstdr:trackeradd,
  collaboration = {CMS},
  title         = {The CMS tracker: addendum to the Technical Design Report},
  publisher     = {CERN},
  volume        = {5-add-1},
  address       = {Geneva},
  series        = {Technical Design Report CMS},
  year          = {2000},
  note          = "\href{http://cdsweb.cern.ch/record/490194}{CMS-TDR-005-add-1. CERN-LHCC-2000-016}"
}

@book{bib:cmstdr:trigger,
      collaboration = {CMS},
      title         = {CMS The TriDAS Project Technical Design Report, Volume 1: The Trigger Systems},
      publisher     = {CERN},
      volume        = {6},
      address       = {Geneva},
      series        = {Technical Design Report CMS},
      year          = {2000},
      note          = "\href{http://cdsweb.cern.ch/record/706847}{CMS-TDR-006-1. CERN-LHCC-2000-038}"
}

@misc{bib:trigger:summerschoollecture,
  author = {Bryan Dahmes},
  title = {Triggers for LHC Physics},
  note = "\href{https://indico.cern.ch/conferenceDisplay.py?confId=134623}{Lecture at CERN Summer Student Programme}",
  year = {2011}
}

@book{bib:cmstdr:computing,
      collaboration = {CMS},
      title         = {CMS computing : Technical Design Report},
      publisher     = {CERN},
      volume        = {7},
      address       = {Geneva},
      series        = {Technical Design Report CMS},
      year          = {2005},
      note          = {\href{http://cdsweb.cern.ch/record/838359}{CMS-TDR-007. CERN-LHCC-2005-023}}
}

@techreport{Grandi:814248,
      author       = "Grandi, Claudio and Stickland, David and Taylor, Lucas and
                      Petrilli, Achille and Herv\'e, Alain",
      title        = "CMS Computing Model: The CMS Computing Model RTAG",
      institution  = "CERN",
      address      = "Geneva",
      number       = "\href{http://cdsweb.cern.ch/record/814248}{CMS-NOTE-2004-031. CERN-LHCC-2004-035. LHCC-G-083}",
      year         = "2004",
}

@article{springerlink:10.1140/epjc/s10052-010-1491-3,
   title = {CMS tracking performance results from early LHC operation},
   journal = {The European Physical Journal C - Particles and Fields},
   publisher = {Springer Berlin / Heidelberg},
   issn = {1434-6044},
   keyword = {Physik und Astronomie},
   pages = {1165-1192},
   volume = {70},
   issue = {4},
   url = {http://dx.doi.org/10.1140/epjc/s10052-010-1491-3},
   doi = {10.1140/epjc/s10052-010-1491-3},
   year = {2010},
     eprint    = "hep-ph/1007.1988v2",
     archivePrefix = "arXiv"
}

@article{CMS:2011msa,
	title          = "{Tau identification in CMS}",
	collaboration  = "CMS",
	year           = "2011",
	reportNumber   = "CMS-PAS-TAU-11-001",
	SLACcitation   = "%%CITATION = CMS-PAS-TAU-11-001;%%"
}

@article{CMS:2011cra,
	title          = "{Performance of the b-jet identification in CMS}",
	collaboration  = "CMS",
	year           = "2011",
	reportNumber   = "CMS-PAS-BTV-11-001",
	SLACcitation   = "%%CITATION = CMS-PAS-BTV-11-001;%%"
}

@article{CMS-PAS-TRK-10-002,
  collaboration = {CMS},
      title        = {Measurement of Tracking Efficiency},
     JOURNAL      = {CMS Physics Analysis Summary},
     volume       = "\href{http://cdsweb.cern.ch/record/1279139}{CMS-PAS-TRK-10-002}",
      year         = "2010",
}

@article{CMS-PAS-TRK-10-004,
  collaboration = {CMS},
      title        = {Measurement of Momentum Scale and Resolution of the CMS Detector using Low-mass Resonances and Cosmic Ray Muons},
     JOURNAL      = {CMS Physics Analysis Summary},
     volume       = "\href{http://cdsweb.cern.ch/record/1279137}{CMS-PAS-TRK-10-004}",
      year         = "2010",
}

@article{CMS-PAS-TRK-10-005,
  collaboration = {CMS},
      title        = "Tracking and Primary Vertex Results in First 7\tev Collisions",
     JOURNAL      = {CMS Physics Analysis Summary},
     volume       = "\href{http://cdsweb.cern.ch/record/1279383}{CMS-PAS-TRK-10-005}",
      year         = "2010",
}

@article{CMS-IN-2011-014,
	collaboration = {CMS},
	title        = "Offline Primary Vertex Reconstruction with Deterministic Annealing Clustering",
	author         = "W. Erdman",
	JOURNAL      = {CMS Internal Note},
	year         = "2011",
}

@article{CMS-PAS-EGM-10-003,
  collaboration = {CMS},
      title        = "Electromagnetic calorimeter calibration with 7\tev data",
     JOURNAL      = {CMS Physics Analysis Summary},
     volume       = "\href{http://cdsweb.cern.ch/record/1279350}{CMS-PAS-EGM-10-003}",
      year         = "2010",
}

@techreport{Green:2001ju,
      author         = "Green, D.",
      title          = "{Calibration of the CMS calorimeters}",
      year           = "2001",
      note   = "\href{http://lss.fnal.gov/archive/2001/fn/FN-0704.pdf}{FERMILAB-FN-0704}",
      SLACcitation   = "%%CITATION = FERMILAB-FN-0704 ETC.;%%",
}

@article{springerlink:10.1140/epjc/s10052-009-0959-5,
   collaboration = {CMS ECAL/HCAL},
   title = {The CMS barrel calorimeter response to particle beams from 2 to $350\gev/c$},
   author = {Abdullin, S. and Abramov, V. and Acharya, B. and Adam, N. and Adams, M. and Adzic, P. and Akchurin, N. and Akgun, U. and Albayrak, E. and Alemany-Fernandez, R. and Almeida},
   journal = {The European Physical Journal C - Particles and Fields},
   publisher = {Springer Berlin / Heidelberg},
   issn = {1434-6044},
   keyword = {Physik und Astronomie},
   pages = {359-373},
   volume = {60},
   issue = {3},
   url = {http://dx.doi.org/10.1140/epjc/s10052-009-0959-5},
   doi = {10.1140/epjc/s10052-009-0959-5},
   year = {2009}
}

@article{Abramov:2000vd,
      author         = "S. Abdullin, V. Abramov, B. Acharya, N. Adam, M. Adams, P. Adzic, N. Akchurin, U. Akgun and E. Albayrak",
      title          = "{Studies of the response of the prototype CMS hadron calorimeter, including magnetic field effects, to pion, electron, and muon beams}",
      collaboration  = "CMS HCAL",
      journal        = "Nucl.Instrum.Meth.",
      volume         = "A457",
      pages          = "75-100",
      doi            = "10.1016/S0168-9002(00)00711-7",
      year           = "2001",
      eprint         = "hep-ex/0007045",
      archivePrefix  = "arXiv",
      primaryClass   = "hep-ex",
      reportNumber   = "CMS-2000-003, CMS-NOTE-2000-003, UR-1593",
      SLACcitation   = "%%CITATION = HEP-EX/0007045;%%",
}

@book{bib:BargerPhillips,
 author = {Vernon D. Barger and Roger J. N. Phillips},
 title = {Collider Physics},
 series = {Frontiers in Physics},
 publisher = {Addison-Wesley},
 year = {1987},
 note = {ISBN 0-201-05876-6}
}

@article{CMS-PAS-EWK-11-001__,
     Collaboration = {CMS},
      title        = "Absolute Calibration of Luminosity Measurement at CMS: Summer 2011 Update",
     JOURNAL      = {CMS Physics Analysis Summary},
     volume       = "\href{http://cdsweb.cern.ch/record/1376102}{CMS-PAS-EWK-11-001}",
      year         = "2011"
}

@article{CMS-PAS-SMP-12-008,
     Collaboration = {CMS},
     title         = {Absolute Calibration of the Luminosity Measurement at CMS: Winter 2012 Update},
     JOURNAL       = {CMS Physics Analysis Summary},
     volume        = "\href{http://cdsweb.cern.ch/record/1434360}{CMS-PAS-SMP-12-008}",
     year          = {2012},
}

@article{CMS:2009nxa,
	title          = "{Particle-Flow Event Reconstruction in CMS and Performance for Jets, Taus, and MET}",
	collaboration  = "CMS",
	year           = "2009",
	reportNumber   = "CMS-PAS-PFT-09-001",
	SLACcitation   = "%%CITATION = CMS-PAS-PFT-09-001;%%"
}

@article{CMS:2010byl,
	title          = "{Commissioning of the Particle-flow Event Reconstruction
	with the first LHC collisions recorded in the CMS
	detector}",
	collaboration  = "CMS",
	year           = "2010",
	reportNumber   = "CMS-PAS-PFT-10-001",
	SLACcitation   = "%%CITATION = CMS-PAS-PFT-10-001;%%"
}

@article{1748-0221-6-11-P11002,
  collaboration={CMS},
      title          = "{Determination of Jet Energy Calibration and Transverse Momentum Resolution in CMS}",
      collaboration  = "CMS Collaboration",
  journal={Journal of Instrumentation},
      volume         = "6",
      pages          = "P11002",
      doi            = "10.1088/1748-0221/6/11/P11002",
      year           = "2011",
      eprint         = "1107.4277",
      archivePrefix  = "arXiv",
      primaryClass   = "physics.ins-det",
      reportNumber   = "CMS-PAS-JME-10-011, CERN-PH-EP-2011-102",
      SLACcitation   = "%%CITATION = ARXIV:1107.4277;%%",
}

@article{CMS-PAS-JME-10-014,
  collaboration = {CMS},
      title        = "Jet Energy Resolution in CMS at \mbox{$\sqrt{s}=7\tev$}",
      journal      = {CMS Physics Analysis Summary},
      volume       = "\href{http://cdsweb.cern.ch/record/1339945}{CMS-PAS-JME-10-014}",
      year         = "2011",
}

@article{CMS-PAS-JME-10-010,
  collaboration = {CMS},
  title         = {Determination of the Jet Energy Scale in CMS with $pp$ Collisions at \mbox{$\sqrt{s} = 7\tev$}},
  JOURNAL      = "CMS Physics Analysis Summary",
  volume       = "\href{http://cdsweb.cern.ch/record/1308178}{CMS-PAS-JME-10-010}",
  year          = {2010}
}

@article{CMS-PAS-JME-09-004,
  collaboration = {CMS},
   title        = {Jet energy calibration with photon+jet events},
  JOURNAL      = "CMS Physics Analysis Summary",
  volume       = "\href{http://cdsweb.cern.ch/record/1194491}{CMS-PAS-JME-09-004}",
      year         = "2009",
}

@article{CMS-PAS-JME-09-009,
  collaboration = {CMS},
   title        = "Calibration of the absolute jet energy scale with \mbox{$Z\rightarrow\mu^{+}\mu^{-}$}+jet events at CMS",
  JOURNAL      = "CMS Physics Analysis Summary",
  volume       = "\href{http://cdsweb.cern.ch/record/1195743}{CMS-PAS-JME-09-009}",
      year         = "2009",
}

@article{CMS-PAS-JME-07-002,
  collaboration = {CMS},
  title         = {Plans for Jet Energy Corrections at CMS},
  JOURNAL      = "CMS Physics Analysis Summary",
  volume       = "\href{http://cdsweb.cern.ch/record/1194485}{CMS-PAS-JME-07-002}",
  year          = {2008}
}

@article{CMS-PAS-JME-10-009,
  collaboration={CMS },
  title="Missing transverse energy performance of the CMS detector",
  journal={Journal of Instrumentation},
  volume={6},
  number={09},
  pages={P09001},
      doi            = "10.1088/1748-0221/6/09/P09001",
      year           = "2011",
      eprint         = "1106.5048",
      archivePrefix  = "arXiv",
      primaryClass   = "physics.ins-det",
      reportNumber   = "CMS-PAS-JME-10-009, CERN-PH-EP-2011-051",
}

@article{PhysRevD.64.032003,
  collaboration = {(D\O{} Collaboration)},
  volume = {64},
  journal = {Phys. Rev. D},
  numpages = {69},
  title = {High-\pt jets in $\overline{p}p$ collisions at \mbox{$\sqrt{s}=630$} and 1800\gev},
  year = {2001},
  url = {http://link.aps.org/doi/10.1103/PhysRevD.64.032003},
  doi = {10.1103/PhysRevD.64.032003},
  issue = {3},
  publisher = {American Physical Society},
  pages = {032003},
      eprint         = "hep-ex/0012046",
      archivePrefix  = "arXiv",
      primaryClass   = "hep-ex"
}

@article{CMS:1997dma,
	title          = "{CMS, the Compact Muon Solenoid. Muon technical design
	report}",
	collaboration  = "CMS",
	year           = "1997",
	reportNumber   = "CERN-LHCC-97-32",
	SLACcitation   = "%%CITATION = CERN-LHCC-97-32;%%"
}

@article{Chatrchyan:2009hg,
	author         = "Chatrchyan, S and others",
	title          = "{Performance of the CMS Drift Tube Chambers with Cosmic
	Rays}",
	collaboration  = "CMS",
	journal        = "JINST",
	volume         = "5",
	year           = "2010",
	pages          = "T03015",
	doi            = "10.1088/1748-0221/5/03/T03015",
	eprint         = "0911.4855",
	archivePrefix  = "arXiv",
	primaryClass   = "physics.ins-det",
	reportNumber   = "CMS-CFT-09-012",
	SLACcitation   = "%%CITATION = ARXIV:0911.4855;%%"
}


@article{CMS-PAS-MUO-10-002,
      collaboration = {CMS},
      title        = {Performance of muon identification in $pp$ collisions at \mbox{$\sqrt{s} = 7\tev$}},
      journal      = {CMS Physics Analysis Summary},
      volume       = "\href{http://cdsweb.cern.ch/record/1279140}{CMS-PAS-MUO-10-002}",
      year         = {2010},
}

@article{Chatrchyan:2012zz,
	author         = "Chatrchyan, Serguei and others",
	title          = "{Performance of tau-lepton reconstruction and
	identification in CMS}",
	collaboration  = "CMS",
	journal        = "JINST",
	volume         = "7",
	year           = "2012",
	pages          = "P01001",
	doi            = "10.1088/1748-0221/7/01/P01001",
	eprint         = "1109.6034",
	archivePrefix  = "arXiv",
	primaryClass   = "physics.ins-det",
	reportNumber   = "CERN-PH-EP-2011-137, CMS-TAU-11-001",
	SLACcitation   = "%%CITATION = ARXIV:1109.6034;%%"
}

@article{Ferencek:btag2015,
	author         = "D. Ferencek",
	title          = "{Methods to apply b-tagging efficiency scale factors: Event reweighting using scale factors only}",
    collaboration = {CMS},
    journal      = {CMS Twiki},
    volume       = "\href{https://twiki.cern.ch/twiki/bin/viewauth/CMS/BTagSFMethods#1c_Event_reweighting_using_scale}",
    year         = {2015},
}

@article{CMS-PAS-EGM-10-004,
      collaboration = {CMS},
      title         = {Electron reconstruction and identification at \mbox{$\sqrt{s} = 7\tev$}},
      journal      = {CMS Physics Analysis Summary},
      volume       = "\href{http://cdsweb.cern.ch/record/1299116}{CMS-PAS-EGM-10-004}",
      year         = {2010},
}

@Article{Baffioni2007,
	author="Baffioni, S.
	and Charlot, C.
	and Ferri, F.
	and Futyan, D.
	and Meridiani, P.
	and Puljak, I.
	and Rovelli, C.
	and Salerno, R.
	and Sirois, Y.",
	title="Electron reconstruction in CMS",
	journal="The European Physical Journal C",
	year="2007",
	volume="49",
	number="4",
	pages="1099--1116",
	issn="1434-6052",
	doi="10.1140/epjc/s10052-006-0175-5",
	url="http://dx.doi.org/10.1140/epjc/s10052-006-0175-5"
}

@article{CMS-PAS-DP-2010-025,
      collaboration = {CMS},
      title         = {HCAL performance from first collisions data},
      journal       = {CMS Detector Performance Summary},
      volume        = "\href{http://cdsweb.cern.ch/record/1364222}{2010-025}",
      year          = {2010}
}

@article{CMS-PAS-EGM-10-005,
      collaboration = {CMS},
      title        = "Photon reconstruction and identification at \mbox{$\sqrt{s} = 7\tev$}",
      journal       = {CMS Physics Analysis Summary},
      volume        = "\href{http://cdsweb.cern.ch/record/1279143}{CMS-PAS-EGM-10-005}",
      year         = "2010",
}

@article{CMS-PAS-EGM-10-006,
      collaboration = {CMS},
      title        = {Isolated Photon Reconstruction and Identification at \mbox{$\sqrt{s}=7\tev$}},
      journal       = {CMS Physics Analysis Summary},
      volume        = "\href{http://cdsweb.cern.ch/record/1324545}{CMS-PAS-EGM-10-006}",
      year         = "2011",
}

@article{CMS-DP-2010-025,
      collaboration = {CMS},
      title         = {HCAL performance from first collisions data},
      journal       = {CMS Detector Performance Summary},
      volume        = "\href{http://cdsweb.cern.ch/record/1364222}{2010-025}",
      year          = {2010}
}

@article{PhysRevD.73.094007,
  journal = {Phys. Rev. D},
  doi = {10.1103/PhysRevD.73.094007},
  issue = {9},
  author = "Aurenche, P. and Guillet, J. Ph. and Pilon, E. and Werlen, M. and Fontannaz, M.",
  title = {A new critical study of photon production in hadronic collisions},
  year = {2006},
  url = {http://link.aps.org/doi/10.1103/PhysRevD.73.094007},
  publisher = {American Physical Society},
  numpages = {10},
  pages = {094007},
  volume = {73}
}

@article{PhysRevLett.106.082001,
  collaboration = {CMS},
  journal = {Phys. Rev. Lett.},
  doi = {10.1103/PhysRevLett.106.082001},
  issue = {8},
  author = {},
  title = {Measurement of the Isolated Prompt Photon Production Cross Section in $pp$ Collisions at $\sqrt{s}=7\tev$},
  year = {2011},
  url = {http://link.aps.org/doi/10.1103/PhysRevLett.106.082001},
  publisher = {American Physical Society},
  numpages = {15},
  pages = {082001},
  volume = {106}
}

@article{PhysRevD.84.052011,
  collaboration = {CMS},
  journal = {Phys. Rev. D},
  doi = {10.1103/PhysRevD.84.052011},
  issue = {5},
  author = {},
  title = {Measurement of the differential cross section for isolated prompt photon production in $pp$ collisions at \mbox{$\sqrt{s}=7\tev$}},
  year = {2011},
  url = {http://link.aps.org/doi/10.1103/PhysRevD.84.052011},
  publisher = {American Physical Society},
  numpages = {29},
  pages = {052011},
  volume = {84}
}

@ARTICLE{CMS-PAS-JME-09-008,
  collaboration  = {CMS},
  title          = {Calorimeter Jet Quality Criteria for the First CMS Collision Data},
  journal        = {CMS Physics Analysis Summary},
  volume         = "\href{http://cdsweb.cern.ch/record/1259924}{CMS-PAS-JME-09-008}",
  year           = {2008}
}

@article{CMS-PAS-JME-10-003,
  collaboration  = {CMS},
  title          = {Jet Performance in $pp$ Collisions at \mbox{$7\tev$}},
  journal        = {CMS Physics Analysis Summary},
  volume         = "\href{http://cdsweb.cern.ch/record/1279362}{CMS-PAS-JME-10-003}",
  year           = {2010}
}

@article{RL1963381,
title = "Uncertainties in track momentum and direction, due to multiple scattering and measurement errors",
journal = "Nuclear Instruments and Methods",
volume = "24",
number = "0",
pages = "381 - 389",
year = "1963",
note = "",
issn = "0029-554X",
doi = "10.1016/0029-554X(63)90347-1",
url = "http://www.sciencedirect.com/science/article/pii/0029554X63903471",
author = {R.L. Gl\"uckstern}
}

@article{bib:AN2005-025,
 author = {J. D'Hondt and S. Lowette and O. Buchm\"uller and S. Cucciarelli and F.-P. Schilling and M. Spiropulu and S. Paktinat Mehdiabadi and D. Benedetti and L. Pape},
 title = {Fitting of Event Topologies with External Kinematic Constraints in CMS},
 journal       = {CMS Analysis Note},
 volume        = {CMS-AN-05-025},
 note = {Internal documentation},
 year          = {2005}
}

@unpublished{Collaboration:1429615,
      collaboration = "CMS",
      title        = "First high-energy collisions at 7\tev (30th March 2010)",
      year         = "2010",
      note         = "\href{http://cdsweb.cern.ch/record/1429615}{CMS-PHO-EVENTS-2010-008}"
}

@misc{bib:lhcmachineoutreach,
  title = {LHC machine outreach},
  note = "\url{http://lhc-machine-outreach.web.cern.ch/lhc-machine-outreach/}"
}


% --- MC Simulation ---------------------------------------
@article{bib:MCMethod,
  author = {N. Metropolis and S. Ulam},
  title = {The Monte Carlo Method},
  journal = {Journal of the American Statistical Association},
  volume = {44},
  number = {247},
  pages = {335-341},
  year = {1949},
  publisher = {American Statistical Association},
  doi = {10.2307/2280232}
}

@Article{bib:alwall:madgraph,
     author    = "Alwall, Johan and others",
     title     = "{MadGraph/MadEvent v4: The New Web Generation}",
     journal   = "JHEP",
     volume    = "09",
     year      = "2007",
     pages     = "028",
     doi       = "10.1088/1126-6708/2007/09/028"
}

@article{Adam:2010zza,
	author         = "Adam, W. and others",
	title          = "{PAT: The CMS physics analysis toolkit}",
	booktitle      = "{Proceedings, 17th International Conference on Computing
	in High Energy and Nuclear Physics (CHEP 2009): Prague,
	Czech Republic, March 21-27, 2009}",
	journal        = "J. Phys. Conf. Ser.",
	volume         = "219",
	year           = "2010",
	pages          = "032017",
	doi            = "10.1088/1742-6596/219/3/032017",
	SLACcitation   = "%%CITATION = 00462,219,032017;%%"
}

@Article{bib:sjostrand:pythia,
     author    = "Sjostrand, Torbjorn and Mrenna, Stephen and Skands, Peter Z.",
     title     = "{PYTHIA 6.4 Physics and Manual}",
     journal   = "JHEP",
     volume    = "05",
     year      = "2006",
     pages     = "026",
     doi       = "10.1088/1126-6708/2006/05/026"
}

@article{bib:isajet,
      author         = "Paige, Frank E. and Protopopescu, Serban D. and Baer,
                        Howard and Tata, Xerxes",
      title          = "{ISAJET 7.69: A Monte Carlo event generator for pp,
                        anti-p p, and e+e- reactions}",
      year           = "2003",
      eprint         = "hep-ph/0312045",
      archivePrefix  = "arXiv",
      primaryClass   = "hep-ph",
      note           ="\url{http://www.nhn.ou.edu/~isajet/}"
}

@article{Beenakker:1996ed,
      author         = "Beenakker, W. and Hopker, R. and Spira, M.",
      title          = "{PROSPINO: A Program for the production of supersymmetric
                        particles in next-to-leading order QCD}",
      year           = "1996",
      eprint         = "hep-ph/9611232",
      archivePrefix  = "arXiv",
      primaryClass   = "hep-ph"
}

@article{Nadolsky:2008zw,
	author         = "Nadolsky, Pavel M. and Lai, Hung-Liang and Cao, Qing-Hong
	and Huston, Joey and Pumplin, Jon and Stump, Daniel and
	Tung, Wu-Ki and Yuan, C. -P.",
	title          = "{Implications of CTEQ global analysis for collider
	observables}",
	journal        = "Phys. Rev.",
	volume         = "D78",
	year           = "2008",
	pages          = "013004",
	doi            = "10.1103/PhysRevD.78.013004",
	eprint         = "0802.0007",
	archivePrefix  = "arXiv",
	primaryClass   = "hep-ph",
	reportNumber   = "MSUHEP-080125, UCRHEP-T447",
	SLACcitation   = "%%CITATION = ARXIV:0802.0007;%%"
}

@article{Martin:2009iq,
	author         = "Martin, A. D. and Stirling, W. J. and Thorne, R. S. and
	Watt, G.",
	title          = "{Parton distributions for the LHC}",
	journal        = "Eur. Phys. J.",
	volume         = "C63",
	year           = "2009",
	pages          = "189-285",
	doi            = "10.1140/epjc/s10052-009-1072-5",
	eprint         = "0901.0002",
	archivePrefix  = "arXiv",
	primaryClass   = "hep-ph",
	reportNumber   = "IPPP-08-95, DCPT-08-190, CAVENDISH-HEP-08-16",
	SLACcitation   = "%%CITATION = ARXIV:0901.0002;%%"
}

@misc{bib:thentuplemaker,
	author = " A. Pozdnyakov",
	title = {The Ntuple Maker},
	note = "\url{https://twiki.cern.ch/twiki/bin/view/CMS/UserCodeNWUntupleProducer}",
	year  = "2014"
}

@article{Ubiali:2008uk,
	author         = "Ubiali, Maria",
	title          = "{NNPDF1.0 parton set for the LHC}",
	booktitle      = "{Proceedings, 14th High-Energy Physics International
	Conference on Quantum Chromodynamics (QCD 08):
	Montpellier, France, 7-12 July 2008}",
	journal        = "Nucl. Phys. Proc. Suppl.",
	volume         = "186",
	year           = "2009",
	pages          = "62-65",
	doi            = "10.1016/j.nuclphysbps.2008.12.020",
	eprint         = "0809.3716",
	archivePrefix  = "arXiv",
	primaryClass   = "hep-ph",
	SLACcitation   = "%%CITATION = ARXIV:0809.3716;%%"
}

@article{bib:CMS:FastSim,
  collaboration = {CMS},
  title         = {Fast Simulation Offline Guide},
  journal       = {CMS Wiki},
  note          = {https://twiki.cern.ch/twiki/bin/view/CMSPublic/SWGuideFastSimulation, Topic revision: r409},
  url           = {https://twiki.cern.ch/twiki/bin/view/CMSPublic/SWGuideFastSimulation},
  year          = {2011}
}

@article{Agostinelli2003250,
title = "G4 -- a simulation toolkit",
journal = "Nuclear Instruments and Methods in Physics Research Section A: Accelerators, Spectrometers, Detectors and Associated Equipment",
volume = "506",
number = "3",
pages = "250 - 303",
year = "2003",
note = "",
issn = "0168-9002",
doi = "10.1016/S0168-9002(03)01368-8",
url = "http://www.sciencedirect.com/science/article/B6TJM-48TJFY8-5/2/23ea98096ce11c1be446850c04cfa498",
author = "S. Agostinelli and J. Allison and K. Amako and J. Apostolakis and H. Araujo and P. Arce and M. Asai and D. Axen and S. Banerjee and G. Barrand and F. Behner and L. Bellagamba and J. Boudreau and L. Broglia and A. Brunengo and H. Burkhardt and S. Chauvie and J. Chuma and R. Chytracek and G. Cooperman and G. Cosmo and P. Degtyarenko and A. Dell'Acqua and G. Depaola and D. Dietrich and R. Enami and A. Feliciello and C. Ferguson and H. Fesefeldt and G. Folger and F. Foppiano and A. Forti and S. Garelli and S. Giani and R. Giannitrapani and D. Gibin and J. J. GNsmez Cadenas and I. GonzNalez and G. Gracia Abril and G. Greeniaus and W. Greiner and V. Grichine and A. Grossheim and S. Guatelli and P. Gumplinger and R. Hamatsu and K. Hashimoto and H. Hasui and A. Heikkinen and A. Howard and V. Ivanchenko and A. Johnson and F. W. Jones and J. Kallenbach and N. Kanaya and M. Kawabata and Y. Kawabata and M. Kawaguti and S. Kelner and P. Kent and A. Kimura and T. Kodama and R. Kokoulin and M. Kossov and H. Kurashige and E. Lamanna and T. LampNin and V. Lara and V. Lefebure and F. Lei and M. Liendl and W. Lockman and F. Longo and S. Magni and M. Maire and E. Medernach and K. Minamimoto and P. Mora de Freitas and Y. Morita and K. Murakami and M. Nagamatu and R. Nartallo and P. Nieminen and T. Nishimura and K. Ohtsubo and M. Okamura and S. O'Neale and Y. Oohata and K. Paech and J. Perl and A. Pfeiffer and M. G. Pia and F. Ranjard and A. Rybin and S. Sadilov and E. Di Salvo and G. Santin and T. Sasaki and N. Savvas and Y. Sawada and S. Scherer and S. Sei and V. Sirotenko and D. Smith and N. Starkov and H. Stoecker and J. Sulkimo and M. Takahata and S. Tanaka and E. Tcherniaev and E. Safai Tehrani and M. Tropeano and P. Truscott and H. Uno and L. Urban and P. Urban and M. Verderi and A. Walkden and W. Wander and H. Weber and J. P. Wellisch and T. Wenaus and D. C. Williams and D. Wright and T. Yamada and H. Yoshida and D. Zschiesche"
}

@article{Corcella:2002jc,
      author         = "Corcella, G. and Knowles, I.G. and Marchesini, G. and
                        Moretti, S. and Odagiri, K. and others",
      title          = "{HERWIG 6.5 release note}",
      year           = "2002",
      eprint         = "hep-ph/0210213",
      archivePrefix  = "arXiv",
      primaryClass   = "hep-ph",
      reportNumber   = "CAVENDISH-HEP-02-17, DAMTP-2002-124, KEK-TH-850,
                        MPI-PHT-2002-55, CERN-TH-2002-270, IPPP-02-58,
                        MC-TH-2002-7",
      SLACcitation   = "%%CITATION = HEP-PH/0210213;%%",
}

@article{bib:hepmc,
  author = {M. Dobbs and J.B. Hansen},
  title = {HepMC 2 --- a C++ Event Record for Monte Carlo Generators: User Manual Version 2.06},
  journal = {Comput. Phys. Commun.},
  volume = {134},
  pages = {41},
  note = "\url{http://lcgapp.cern.ch/project/simu/HepMC}",
  year = {2001}
}

@article{Dobbs:2004qw,
      author         = "Dobbs, M.A. and Frixione, S. and Laenen, Eric and
                        Tollefson, K. and Baer, H. and others",
      title          = "{Les Houches guidebook to Monte Carlo generators for
                        hadron collider physics}",
      pages          = "411-459",
      year           = "2004",
      note           = "Compiled by the Working Group on Quantum Chromodynamics
                        and the Standard Model",
      eprint         = "hep-ph/0403045",
      archivePrefix  = "arXiv",
      primaryClass   = "hep-ph",
      reportNumber   = "FERMILAB-CONF-04-183-T",
      SLACcitation   = "%%CITATION = HEP-PH/0403045;%%",
}


% --- Statistics ------------------------------------------
@inproceedings{Lyons:411537,
      author       = "A L Read",
      title        = "Modified frequentist analysis of search results (the $CL_{\text{s}}$ method)",
      editor       = "Lyons, Lpuis and Perrin, Yves and James, Frederick E",
      booktitle    = "1st Workshop on Confidence Limits",
      publisher    = "CERN",
      address      = "Geneva",
      year         = "2000",
      note         = "\href{http://cdsweb.cern.ch/record/451614?ln=en}{CERN-OPEN-2000-205. oai:cds.cern.ch:451614}"
}

@article{0954-3899-28-10-313,
  author={A L Read},
  title={Presentation of search results: the $CL_{\text{s}}$ technique},
  journal={Journal of Physics G: Nuclear and Particle Physics},
  volume={28},
  number={10},
  pages={2693 -- 2704},
  doi={10.1088/0954-3899/28/10/313},
  url={http://stacks.iop.org/0954-3899/28/i=10/a=313},
  year={2002}
}

@article{Thomas1999435,
title = "Confidence level computation for combining searches with small statistics",
journal = "Nuclear Instruments and Methods in Physics Research Section A: Accelerators, Spectrometers, Detectors and Associated Equipment",
volume = "434",
number = "2-3",
pages = "435 - 443",
year = "1999",
note = "",
issn = "0168-9002",
doi = "10.1016/S0168-9002(99)00498-2",
url = "http://www.sciencedirect.com/science/article/pii/S0168900299004982",
author = "Thomas Junk",
keywords = "Confidence level computation Poisson statistical"
}

@techreport{bib:Higgs:CLS,
      author       = "{ATLAS Collaboration, CMS Collaboration, LHC Higgs Combination Group}",
      title        = "Procedure for the LHC Higgs boson search combination in Summer 2011",
      institution  = "CERN",
      address      = "Geneva",
      number       = "\href{http://cdsweb.cern.ch/record/1375842}{ATL-PHYS-PUB-2011-011}. \href{http://cdsweb.cern.ch/record/1379837}{CMS-NOTE-2011-005}",
      year         = "2011",
}

@book{bib:blobelLohrmann,
  Author = {Volker Blobel and Erich Lohrmann},
  Title = {Statistische und numerische Methoden der Datenanalyse},
  Series = {Teubner Studienb\"ucher Physik},
  Publisher = {Teubner},
  Year = {1998},
  Address = {Stuttgart, Leipzig},
  Note = {ISBN 3-519-03243-0}
}

@book{bib:barlow,
  Author = {R. J. Barlow},
  Title = {Statistics --- A Guide to the Use of Statistical Methods in the Physical Sciences},
  Series = {The Manchester physics series},
  Publisher = {John Wiley \& Sons},
  Year = {1989},
  Note = {ISBN 0-471-92294-3}
}

@book{bib:optimization,
  Author = {Jorge Nocedal and Stephen Wright},
  Title = {Numerical Optimization},
  Series = {Springer Series in Operations Research},
  Publisher = {Springer},
  Address = {New York},
  Year = {2000},
  Note = {ISBN 0-387-98793-2}
}
  
@manual{bib:lvmini:manual,
  author        = {Volker Blobel},
  title         = {Large-scale optimization with the limited-memory BFGS program LVMINI},
  note          = "\url{http://www.desy.de/~blobel/lvmini.pdf}",
  year          = {2007}
}

@manual{bib:lvmini:page,
  author        = {Volker Blobel},
  title         = {Large-scale optimization},
  note          = "Web site with the programme code \url{http://www.desy.de/~blobel/largesc.html}"
}

@manual{bib:cern:minuitc++,
  author = {Fred James and Matthias Winkler},
  title =  "\textsc{MINUIT} User's Guide (C++ version)",
  note = "\url{http://seal.cern.ch/documents/minuit/mnusersguide.pdf}",
  organization = {CERN},
  address = {Geneva},
  year = {2004}
}

@manual{bib:cern:minuitf77,
  author = {Fred James},
  title = "\textsc{MINUIT} --- Function Minimization and Error Analysis --- Reference Manual",
  note = "\href{http://wwwasdoc.web.cern.ch/wwwasdoc/minuit/minmain.html}{CERN Program Library Long Writeup D506}",
  organization = {CERN},
  address = {Geneva},
  year = {1994}
}

@inproceedings{bib:CERN:FunctionMinimization,
  author    = {Fred James},
  title     = {Function Minimization},
  booktitle = {Proceedings of the CERN Computing and Data Processing School, 1972, Pertisau, Austria},
  address   = {Geneva},
  year      = {1972},
  pages     = {1-52},
  publisher = {CERN}
}

@phdthesis{bib:phd:ulla,
      author         = {Ulla Gebbert},
      title          = {Photons, Missing Energy, and the Quest for Supersymmetry at the LHC},
      school         = {Universit\"at Hamburg},
      address        = {Hamburg, Germany},
      year           = {2012}
}




%%% 2015 added
@article{Chatrchyan:2012lia,
      author         = "Chatrchyan, Serguei and others",
      title          = "{Search for new physics in the multijet and missing
                        transverse momentum final state in proton-proton
                        collisions at $\sqrt{s} = 7$ TeV}",
      collaboration  = "CMS",
      journal        = "Phys. Rev. Lett.",
      volume         = "109",
      year           = "2012",
      pages          = "171803",
      doi            = "10.1103/PhysRevLett.109.171803",
      eprint         = "1207.1898",
      archivePrefix  = "arXiv",
      primaryClass   = "hep-ex",
      reportNumber   = "CMS-SUS-12-011, CERN-PH-EP-2012-184",
      SLACcitation   = "%%CITATION = ARXIV:1207.1898;%%"
}
@article{CMS:2011bta,
      author         = "CMS Collaboration",
      title          = "{Search for supersymmetry in all-hadronic events with
                        missing energy}",
      collaboration  = "CMS",
      year           = "2011",
      reportNumber   = "CMS-PAS-SUS-11-004",
      SLACcitation   = "%%CITATION = CMS-PAS-SUS-11-004;%%"
}

@article{bib:RA2_8TeV
year={2014},
journal={Journal of High Energy Physics},
eid={55},
volume={2014},
number={6},
doi={10.1007/JHEP06(2014)055},
title={Search for new physics in the multijet and missing transverse momentum final state in proton-proton collisions at  \sqrt{s}  = 8 TeV},
url={http://dx.doi.org/10.1007/JHEP06%282014%29055},
publisher={Springer Berlin Heidelberg},
keywords={Supersymmetry; Hadron-Hadron Scattering},
author={CMS},
language={English}
}
@article{CMS-PAS-SUS-13-012,
      title         = {Search for New Physics in Multijets and Missing Momentum Final State in pp collisions at 8 TeV},
      collaboration = {CMS},
      journal       = {CMS Physics Analysis Summary},
      volume        = "\href{http://cdsweb.cern.ch/record/1378478/}{CMS-PAS-SUS-11-004}",
      url           = {http://cdsweb.cern.ch/record/1378478/},
      year          = {2011}
}
@article{RA2_2012,
      author         = "Chatrchyan, Serguei and others",
      title          = "{Search for new physics in the multijet and missing
                        transverse momentum final state in proton-proton
                        collisions at $\sqrt{s}$= 8 TeV}",
      collaboration  = "CMS",
      journal        = "JHEP",
      volume         = "06",
      year           = "2014",
      pages          = "055",
      doi            = "10.1007/JHEP06(2014)055",
      eprint         = "1402.4770",
      archivePrefix  = "arXiv",
      primaryClass   = "hep-ex",
      reportNumber   = "CMS-SUS-13-012, CERN-PH-EP-2014-015",
      SLACcitation   = "%%CITATION = ARXIV:1402.4770;%%"
}
@unpublished{JetIDTwiki,
author="{Harel, A. and Schieferdecker, P.}",
year="2010",
title="Jet Identification",
note="\url{https://twiki.cern.ch/twiki/bin/view/CMS/JetID}"
}
@unpublished{POGmuon,
author="{CMS Muon POG}",
year="2012",
title="Baseline muon selections for 2012 data (CMSSW 52X and above)",
note="\url{https://twiki.cern.ch/twiki/bin/view/CMSPublic/SWGuideMuonId#The2012Data}"
}


@unpublished{POGelectron,
author="{CMS E/gamma POG}",
year="2014",
title="Cut Based Electron ID for Run 2",
note="\url{https://twiki.cern.ch/twiki/bin/viewauth/CMS/CutBasedElectronIdentificationRun2}"
}

@ARTICLE{MuonReconstructionCosmics,
   author = {{CMS Collaboration}},
    title = "{Performance of CMS muon reconstruction in cosmic-ray events}",
  journal = {Journal of Instrumentation},
archivePrefix = "arXiv",
   eprint = {0911.4994},
 primaryClass = "physics.ins-det",
     year = 2010,
    month = mar,
   volume = 5,
    pages = {3022},
      doi = {10.1088/1748-0221/5/03/T03022},
   adsurl = {http://adsabs.harvard.edu/abs/2010JInst...5T3022C},
  adsnote = {Provided by the SAO/NASA Astrophysics Data System}
}

@article{Hocker:2007ht,
	author         = "Hocker, Andreas and others",
	title          = "{TMVA - Toolkit for Multivariate Data Analysis}",
	booktitle      = "{Proceedings, 11th International Workshop on Advanced
	computing and analysis techniques in physics research
	(ACAT 2007): Amsterdam, Netherlands, April 23-27, 2007}",
	journal        = "PoS",
	volume         = "ACAT",
	year           = "2007",
	pages          = "040",
	eprint         = "physics/0703039",
	archivePrefix  = "arXiv",
	primaryClass   = "PHYSICS",
	reportNumber   = "CERN-OPEN-2007-007",
	SLACcitation   = "%%CITATION = PHYSICS/0703039;%%"
}

@article{Chatrchyan:2012xi,
	author         = "Chatrchyan, Serguei and others",
	title          = "{Performance of CMS muon reconstruction in $pp$ collision
	events at $\sqrt{s}=7$ TeV}",
	collaboration  = "CMS",
	journal        = "JINST",
	volume         = "7",
	year           = "2012",
	pages          = "P10002",
	doi            = "10.1088/1748-0221/7/10/P10002",
	eprint         = "1206.4071",
	archivePrefix  = "arXiv",
	primaryClass   = "physics.ins-det",
	reportNumber   = "CMS-MUO-10-004, CERN-PH-EP-2012-173",
	SLACcitation   = "%%CITATION = ARXIV:1206.4071;%%"
}

@article{0954-3899-34-12-N01,
	author={Wolfgang Waltenberger and Rudolf Frühwirth and Pascal Vanlaer},
	title={Adaptive vertex fitting},
	journal={Journal of Physics G: Nuclear and Particle Physics},
	volume={34},
	number={12},
	pages={N343},
	url={http://stacks.iop.org/0954-3899/34/i=12/a=N01},
	year={2007}
}

@article{CMS:2010xta,
	title          = "{Jet Performance in pp Collisions at 7 TeV}",
	collaboration  = "CMS",
	year           = "2010",
	reportNumber   = "CMS-PAS-JME-10-003",
	SLACcitation   = "%%CITATION = CMS-PAS-JME-10-003;%%"
}

@ARTICLE{RA4EANote,
     AUTHOR       = "{Rohan Bhandari, Adam Dishaw, Ryan Heller, Ana Ovcharova, Jeffrey Richman, Manuel Franco Sevilla, David Stuart, Chris West, Jae Hyeok Yoo}",
     TITLE        = "Search for supersymmetry in pp collisions at $\sqrt{s}=13$ TeV in the single-lepton final state using the sum of masses of large radius jets",
     JOURNAL      = "CMS Analysis Note",
     VOLUME       = "AN-15-RA4",
     YEAR         = "2015"
     }
@article{Chatrchyan:2012jua,
      author         = "Chatrchyan, Serguei and others",
      title          = "{Identification of b-quark jets with the CMS experiment}",
      collaboration  = "CMS",
      journal        = "JINST",
      volume         = "8",
      year           = "2013",
      pages          = "P04013",
      doi            = "10.1088/1748-0221/8/04/P04013",
      eprint         = "1211.4462",
      archivePrefix  = "arXiv",
      primaryClass   = "hep-ex",
      reportNumber   = "CMS-BTV-12-001, CERN-PH-EP-2012-262",
      SLACcitation   = "%%CITATION = ARXIV:1211.4462;%%"
}
@inproceedings{Beaudette:2014cea,
      author         = "Beaudette, Florian",
      title          = "{The CMS Particle Flow Algorithm}",
      booktitle      = "{Proceedings, International Conference on Calorimetry for
                        the High Energy Frontier (CHEF 2013)}",
      collaboration  = "CMS",
      url            = "http://inspirehep.net/record/1279774/files/arXiv:1401.8155.pdf",
      year           = "2014",
      pages          = "295-304",
      eprint         = "1401.8155",
      archivePrefix  = "arXiv",
      primaryClass   = "hep-ex",
      SLACcitation   = "%%CITATION = ARXIV:1401.8155;%%"
}
@techreport{CMS-PAS-JME-12-002,
      title         = "{MET performance in 8 TeV data}",
      institution   = "CERN",
      collaboration = "CMS Collaboration",
      address       = "Geneva",
      number        = "CMS-PAS-JME-12-002",
      year          = "2013",
      reportNumber  = "CMS-PAS-JME-12-002",
      url           = "http://cds.cern.ch/record/1543527",
}

@article{bib:2012Filters,
  collaboration = {CMS},
  title         = {MissingETOptionFilters, retrieved Oct. 1, 2015},
  journal       = {CMS Wiki},
  note          = {https://twiki.cern.ch/twiki/bin/viewauth/CMS/MissingETOptionalFilters},
  url           = {https://twiki.cern.ch/twiki/bin/viewauth/CMS/MissingETOptionalFilters},
  year          = {2015}
}
@ARTICLE{antikt,
 		AUTHOR=       "Cacciari, M. and Salam, G.~P. and Soyez, G.",
 		TITLE=        "The anti-kt jet clustering algorithm",
 		JOURNAL=      "JHEP",
 		VOLUME=       "0804:063",
 		YEAR=         "2008",
 		doi		= "10.1088/1126-6708/2008/04/063"
}

@article{1748-0221-6-11-P11002,
	author={The CMS collaboration},
	title={Determination of jet energy calibration and transverse momentum resolution in CMS},
	journal={Journal of Instrumentation},
	volume={6},
	number={11},
	pages={P11002},
	url={http://stacks.iop.org/1748-0221/6/i=11/a=P11002},
	year={2011},
}

@article{Khachatryan:2014gga,
	author         = "Khachatryan, Vardan and others",
	title          = "{Performance of the CMS missing transverse momentum
	reconstruction in pp data at $\sqrt{s}$ = 8 TeV}",
	collaboration  = "CMS",
	journal        = "JINST",
	volume         = "10",
	year           = "2015",
	number         = "02",
	pages          = "P02006",
	doi            = "10.1088/1748-0221/10/02/P02006",
	eprint         = "1411.0511",
	archivePrefix  = "arXiv",
	primaryClass   = "physics.ins-det",
	reportNumber   = "CMS-JME-13-003, CERN-PH-EP-2014-246",
	SLACcitation   = "%%CITATION = ARXIV:1411.0511;%%"
}

@article{Khachatryan:2015dfa,
	author         = "Khachatryan, Vardan and others",
	title          = "{Reconstruction and identification of τ lepton decays to
	hadrons and ν$_τ$ at CMS}",
	collaboration  = "CMS",
	journal        = "JINST",
	volume         = "11",
	year           = "2016",
	number         = "01",
	pages          = "P01019",
	doi            = "10.1088/1748-0221/11/01/P01019",
	eprint         = "1510.07488",
	archivePrefix  = "arXiv",
	primaryClass   = "physics.ins-det",
	reportNumber   = "CMS-TAU-14-001, CERN-PH-EP-2015-261",
	SLACcitation   = "%%CITATION = ARXIV:1510.07488;%%"
}

@article{Chatrchyan:2012jua,
	author         = "Chatrchyan, Serguei and others",
	title          = "{Identification of b-quark jets with the CMS experiment}",
	collaboration  = "CMS",
	journal        = "JINST",
	volume         = "8",
	year           = "2013",
	pages          = "P04013",
	doi            = "10.1088/1748-0221/8/04/P04013",
	eprint         = "1211.4462",
	archivePrefix  = "arXiv",
	primaryClass   = "hep-ex",
	reportNumber   = "CMS-BTV-12-001, CERN-PH-EP-2012-262",
	SLACcitation   = "%%CITATION = ARXIV:1211.4462;%%"
}

@article{Cacciari:2008gn,
	author         = "Cacciari, Matteo and Salam, Gavin P. and Soyez, Gregory",
	title          = "{The Catchment Area of Jets}",
	journal        = "JHEP",
	volume         = "04",
	year           = "2008",
	pages          = "005",
	doi            = "10.1088/1126-6708/2008/04/005",
	eprint         = "0802.1188",
	archivePrefix  = "arXiv",
	primaryClass   = "hep-ph",
	reportNumber   = "LPTHE-07-02",
	SLACcitation   = "%%CITATION = ARXIV:0802.1188;%%"
}

@article{Cacciari:2007fd,
	author         = "Cacciari, Matteo and Salam, Gavin P.",
	title          = "{Pileup subtraction using jet areas}",
	journal        = "Phys. Lett.",
	volume         = "B659",
	year           = "2008",
	pages          = "119-126",
	doi            = "10.1016/j.physletb.2007.09.077",
	eprint         = "0707.1378",
	archivePrefix  = "arXiv",
	primaryClass   = "hep-ph",
	reportNumber   = "LPTHE-07-01",
	SLACcitation   = "%%CITATION = ARXIV:0707.1378;%%"
}

@article{CMS:2013wea,
	author         = "CMS Collaboration",
	title          = "{Pileup Jet Identification}",
	collaboration  = "CMS",
	year           = "2013",
	reportNumber   = "CMS-PAS-JME-13-005",
	SLACcitation   = "%%CITATION = CMS-PAS-JME-13-005;%%"
}

@article{EleVeto2012,
      collaboration = {CMS},
      title        = {Instructions for applying electron and photon ID, retrieved Oct. 2, 2015},
      journal      = {EgammaIDRecipes},
      volume       = "\href{https://twiki.cern.ch/twiki/bin/view/CMS/EgammaIDRecipes}{EgammaIDRecipes}",
      year         = {2012},
}
@article{MuVeto2012,
      collaboration = {CMS},
      title        = {Baseline muon selections, retrieved Oct. 2, 2015},
      journal      = {SWGuideMuonId},
      volume       = "\href{https://twiki.cern.ch/twiki/bin/view/CMSPublic/SWGuideMuonId}{SWGuideMuonId}",
      year         = {2012},
}
@Article{madgraph,
     author    = "Alwall, Johan and others",
     title     = "{MadGraph/MadEvent v4: The New Web Generation}",
     journal   = "JHEP",
     volume    = "09",
     year      = "2007",
     pages     = "028",
     eprint    = "0706.2334",
     archivePrefix = "arXiv",
     primaryClass  =  "hep-ph",
     SLACcitation  = "%%CITATION = 0706.2334;%%"
}

@article{Alwall:2011uj,
	author         = "Alwall, Johan and Herquet, Michel and Maltoni, Fabio and
	Mattelaer, Olivier and Stelzer, Tim",
	title          = "{MadGraph 5 : Going Beyond}",
	journal        = "JHEP",
	volume         = "06",
	year           = "2011",
	pages          = "128",
	doi            = "10.1007/JHEP06(2011)128",
	eprint         = "1106.0522",
	archivePrefix  = "arXiv",
	primaryClass   = "hep-ph",
	reportNumber   = "FERMILAB-PUB-11-448-T",
	SLACcitation   = "%%CITATION = ARXIV:1106.0522;%%"
}

@article{Frixione:2007vw,
	author         = "Frixione, Stefano and Nason, Paolo and Oleari, Carlo",
	title          = "{Matching NLO QCD computations with Parton Shower
	simulations: the POWHEG method}",
	journal        = "JHEP",
	volume         = "11",
	year           = "2007",
	pages          = "070",
	doi            = "10.1088/1126-6708/2007/11/070",
	eprint         = "0709.2092",
	archivePrefix  = "arXiv",
	primaryClass   = "hep-ph",
	reportNumber   = "BICOCCA-FT-07-9, GEF-TH-21-2007",
	SLACcitation   = "%%CITATION = ARXIV:0709.2092;%%"
}

@article{Czakon:2013goa,
	author         = "Czakon, Michał and Fiedler, Paul and Mitov, Alexander",
	title          = "{Total Top-Quark Pair-Production Cross Section at Hadron
	Colliders Through $O(\alpha\frac{4}{S})$}",
	journal        = "Phys. Rev. Lett.",
	volume         = "110",
	year           = "2013",
	pages          = "252004",
	doi            = "10.1103/PhysRevLett.110.252004",
	eprint         = "1303.6254",
	archivePrefix  = "arXiv",
	primaryClass   = "hep-ph",
	reportNumber   = "CERN-PH-TH-2013-056, TTK-13-08",
	SLACcitation   = "%%CITATION = ARXIV:1303.6254;%%"
}

@article{Campbell:2010ff,
	author         = "Campbell, John M. and Ellis, R. K.",
	title          = "{MCFM for the Tevatron and the LHC}",
	booktitle      = "{Proceedings,  10th DESY Workshop on Elementary Particle
	Theory: Loops and Legs in Quantum Field Theory: Woerlitz,
	Germany, April 25-30, 2010}",
	journal        = "Nucl. Phys. Proc. Suppl.",
	volume         = "205-206",
	year           = "2010",
	pages          = "10-15",
	doi            = "10.1016/j.nuclphysbps.2010.08.011",
	eprint         = "1007.3492",
	archivePrefix  = "arXiv",
	primaryClass   = "hep-ph",
	reportNumber   = "FERMILAB-CONF-10-244-T",
	SLACcitation   = "%%CITATION = ARXIV:1007.3492;%%"
}

@article{Melnikov:2006kv,
      author         = "Melnikov, Kirill and Petriello, Frank",
      title          = "{Electroweak gauge boson production at hadron colliders
                        through O(alpha(s)**2)}",
      journal        = "Phys. Rev.",
      volume         = "D74",
      year           = "2006",
      pages          = "114017",
      doi            = "10.1103/PhysRevD.74.114017",
      eprint         = "hep-ph/0609070",
      archivePrefix  = "arXiv",
      primaryClass   = "hep-ph",
      reportNumber   = "UH-511-1092-06",
      SLACcitation   = "%%CITATION = HEP-PH/0609070;%%"
}


@article{Gavin:2010az,
	author         = "Gavin, Ryan and Li, Ye and Petriello, Frank and
	Quackenbush, Seth",
	title          = "{FEWZ 2.0: A code for hadronic Z production at
	next-to-next-to-leading order}",
	journal        = "Comput. Phys. Commun.",
	volume         = "182",
	year           = "2011",
	pages          = "2388-2403",
	doi            = "10.1016/j.cpc.2011.06.008",
	eprint         = "1011.3540",
	archivePrefix  = "arXiv",
	primaryClass   = "hep-ph",
	reportNumber   = "ANL-HEP-PR-10-60",
	SLACcitation   = "%%CITATION = ARXIV:1011.3540;%%"
}

@article{Arnold:2008rz,
	author         = "Arnold, K. and others",
	title          = "{VBFNLO: A Parton level Monte Carlo for processes with
	electroweak bosons}",
	journal        = "Comput. Phys. Commun.",
	volume         = "180",
	year           = "2009",
	pages          = "1661-1670",
	doi            = "10.1016/j.cpc.2009.03.006",
	eprint         = "0811.4559",
	archivePrefix  = "arXiv",
	primaryClass   = "hep-ph",
	reportNumber   = "KA-TP-31-2008, SFB-CPP-08-95",
	SLACcitation   = "%%CITATION = ARXIV:0811.4559;%%"
}

@article{Arnold:2011wj,
	author         = "Arnold, K. and others",
	title          = "{VBFNLO: A Parton Level Monte Carlo for Processes with
	Electroweak Bosons -- Manual for Version 2.5.0}",
	year           = "2011",
	eprint         = "1107.4038",
	archivePrefix  = "arXiv",
	primaryClass   = "hep-ph",
	reportNumber   = "KA-TP-15-2011, FTUV-11-0730, WUB-11-06,
	FR-PHENO-2011-012, MZ-TH-11-19, CERN-PH-TH-2011-1,
	LPN11-40, DESY-11-125, TTK-10-51, --MZ-TH-11-19,
	CERN-PH-TH-2011-173, --MAN-HEP-2014-02",
	SLACcitation   = "%%CITATION = ARXIV:1107.4038;%%"
}

@article{Pumplin:2002vw,
	author         = "Pumplin, J. and Stump, D. R. and Huston, J. and Lai, H.
	L. and Nadolsky, Pavel M. and Tung, W. K.",
	title          = "{New generation of parton distributions with
	uncertainties from global QCD analysis}",
	journal        = "JHEP",
	volume         = "07",
	year           = "2002",
	pages          = "012",
	doi            = "10.1088/1126-6708/2002/07/012",
	eprint         = "hep-ph/0201195",
	archivePrefix  = "arXiv",
	primaryClass   = "hep-ph",
	reportNumber   = "MSU-HEP-011101",
	SLACcitation   = "%%CITATION = HEP-PH/0201195;%%"
}

@article{Nadolsky:2008zw,
	author         = "Nadolsky, Pavel M. and Lai, Hung-Liang and Cao, Qing-Hong
	and Huston, Joey and Pumplin, Jon and Stump, Daniel and
	Tung, Wu-Ki and Yuan, C. -P.",
	title          = "{Implications of CTEQ global analysis for collider
	observables}",
	journal        = "Phys. Rev.",
	volume         = "D78",
	year           = "2008",
	pages          = "013004",
	doi            = "10.1103/PhysRevD.78.013004",
	eprint         = "0802.0007",
	archivePrefix  = "arXiv",
	primaryClass   = "hep-ph",
	reportNumber   = "MSUHEP-080125, UCRHEP-T447",
	SLACcitation   = "%%CITATION = ARXIV:0802.0007;%%"
}

@article{Sjostrand:2006za,
	author         = "Sjostrand, Torbjorn and Mrenna, Stephen and Skands, Peter
	Z.",
	title          = "{PYTHIA 6.4 Physics and Manual}",
	journal        = "JHEP",
	volume         = "05",
	year           = "2006",
	pages          = "026",
	doi            = "10.1088/1126-6708/2006/05/026",
	eprint         = "hep-ph/0603175",
	archivePrefix  = "arXiv",
	primaryClass   = "hep-ph",
	reportNumber   = "FERMILAB-PUB-06-052-CD-T, LU-TP-06-13",
	SLACcitation   = "%%CITATION = HEP-PH/0603175;%%"
}

@article{Davidson:2010rw,
	author         = "Davidson, N. and Nanava, G. and Przedzinski, T. and
	Richter-Was, E. and Was, Z.",
	title          = "{Universal Interface of TAUOLA Technical and Physics
	Documentation}",
	journal        = "Comput. Phys. Commun.",
	volume         = "183",
	year           = "2012",
	pages          = "821-843",
	doi            = "10.1016/j.cpc.2011.12.009",
	eprint         = "1002.0543",
	archivePrefix  = "arXiv",
	primaryClass   = "hep-ph",
	reportNumber   = "IFJPAN-IV-2009-10",
	SLACcitation   = "%%CITATION = ARXIV:1002.0543;%%"
}

@article{Agostinelli:2002hh,
	author         = "Agostinelli, S. and others",
	title          = "{GEANT4: A Simulation toolkit}",
	collaboration  = "GEANT4",
	journal        = "Nucl. Instrum. Meth.",
	volume         = "A506",
	year           = "2003",
	pages          = "250-303",
	doi            = "10.1016/S0168-9002(03)01368-8",
	reportNumber   = "SLAC-PUB-9350, FERMILAB-PUB-03-339",
	SLACcitation   = "%%CITATION = NUIMA,A506,250;%%"
}

@article{Abdullin:2011zz,
	author         = "Abdullin, S. and Azzi, P. and Beaudette, F. and Janot, P.
	and Perrotta, A.",
	title          = "{The fast simulation of the CMS detector at LHC}",
	booktitle      = "{Proceedings, 18th International Conference on Computing
	in High Energy and Nuclear Physics (CHEP 2010): Taipei,
	Taiwan, October 18-22, 2010}",
	collaboration  = "CMS",
	journal        = "J. Phys. Conf. Ser.",
	volume         = "331",
	year           = "2011",
	pages          = "032049",
	doi            = "10.1088/1742-6596/331/3/032049",
	reportNumber   = "FERMILAB-PUB-11-814-CMS",
	SLACcitation   = "%%CITATION = 00462,331,032049;%%"
}

@article{Kidonakis:2010dk,
      author         = "Kidonakis, Nikolaos",
      title          = "{Next-to-next-to-leading soft-gluon corrections for the
                        top quark cross section and transverse momentum
                        distribution}",
      journal        = "Phys. Rev.",
      volume         = "D82",
      year           = "2010",
      pages          = "114030",
      doi            = "10.1103/PhysRevD.82.114030",
      eprint         = "1009.4935",
      archivePrefix  = "arXiv",
      primaryClass   = "hep-ph",
      SLACcitation   = "%%CITATION = ARXIV:1009.4935;%%"
}
@ARTICLE{Geant1,
     TITLE        = "Geant4 - a simulation toolkit",
     AUTOR        = "J. Sulkimo and others",
     JOURNAL      = "Nucl. Inst. Meth. A",
     VOLUME       = "506",
     YEAR         = "2003",
     PAGES        = "250-303"
}

@article{Abdullin:2011zz,
      author         = "Abdullin, S. and Azzi, P. and Beaudette, F. and Janot, P.
                        and Perrotta, A.",
      title          = "{The fast simulation of the CMS detector at LHC}",
      booktitle      = "{Proceedings, 18th International Conference on Computing
                        in High Energuy and Nuclear Physics (CHEP 2010)}",
      collaboration  = "CMS",
      journal        = "J. Phys. Conf. Ser.",
      volume         = "331",
      year           = "2011",
      pages          = "032049",
      doi            = "10.1088/1742-6596/331/3/032049",
      reportNumber   = "FERMILAB-PUB-11-814-CMS",
      SLACcitation   = "%%CITATION = 00462,331,032049;%%"
}
@article{Bern:2011pa,
      author         = "Bern, Z. and Diana, G. and Dixon, L. J. and Febres
                        Cordero, F. and Hoche, S. and Ita, H. and Kosower, D. A.
                        and Maitre, D. and Ozeren, K. J.",
      title          = "{Driving Missing Data at Next-to-Leading Order}",
      journal        = "Phys. Rev.",
      volume         = "D84",
      year           = "2011",
      pages          = "114002",
      doi            = "10.1103/PhysRevD.84.114002",
      eprint         = "1106.1423",
      archivePrefix  = "arXiv",
      primaryClass   = "hep-ph",
      reportNumber   = "SLAC-PUB-14472, UCLA-11-TEP-106, CERN-PH-TH-2011-125,
                        IPHT-T11-146, IPPP-11-29, NSF-KITP-11-093, SB-F-387-11,
                        SLAC--PUB--14472, CERN--PH--TH-2011-125, --IPHT--T11-146,
                        NSF--KITP--11--093",
      SLACcitation   = "%%CITATION = ARXIV:1106.1423;%%"
}
@article{Kuhn:2005gv,
      author         = "Kuhn, Johann H. and Kulesza, A. and Pozzorini, S. and
                        Schulze, M.",
      title          = "{Electroweak corrections to hadronic photon production at
                        large transverse momenta}",
      journal        = "JHEP",
      volume         = "03",
      year           = "2006",
      pages          = "059",
      doi            = "10.1088/1126-6708/2006/03/059",
      eprint         = "hep-ph/0508253",
      archivePrefix  = "arXiv",
      primaryClass   = "hep-ph",
      reportNumber   = "TTP05-16, SFB-CPP-05-44",
      SLACcitation   = "%%CITATION = HEP-PH/0508253;%%"
}
@article{Ask:2011xf,
      author         = "Ask, S. and Parker, M. A. and Sandoval, T. and Shea, M.
                        E. and Stirling, W. J.",
      title          = "{Using gamma+jets Production to Calibrate the Standard
                        Model Z(nunu)+jets Background to New Physics Processes at
                        the LHC}",
      journal        = "JHEP",
      volume         = "10",
      year           = "2011",
      pages          = "058",
      doi            = "10.1007/JHEP10(2011)058",
      eprint         = "1107.2803",
      archivePrefix  = "arXiv",
      primaryClass   = "hep-ph",
      reportNumber   = "CAVENDISH-HEP-11-14, MCNET-11-16",
      SLACcitation   = "%%CITATION = ARXIV:1107.2803;%%"
}

@article{Chatrchyan:2013dga,
      author         = "Chatrchyan, Serguei and others",
      title          = "{Energy Calibration and Resolution of the CMS
                        Electromagnetic Calorimeter in $pp$ Collisions at
                        $\sqrt{s} = 7$ TeV}",
      collaboration  = "CMS",
      journal        = "JINST",
      volume         = "8",
      year           = "2013",
      pages          = "P09009",
      doi            = "10.1088/1748-0221/8/09/P09009",
      eprint         = "1306.2016",
      archivePrefix  = "arXiv",
      primaryClass   = "hep-ex",
      reportNumber   = "CMS-EGM-11-001, CERN-PH-EP-2013-097",
      SLACcitation   = "%%CITATION = ARXIV:1306.2016;%%"
}
@article{pdg12,
  issn         = {1550-7998},
  journal      = {PHYSICAL REVIEW D},
  language     = {eng},
  number       = {1},
  pages        = {1504},
  title        = {Review of particle physics},
  url          = {http://dx.doi.org/10.1103/PhysRevD.86.010001},
  volume       = {86},
  year         = {2012},
}
@BOOK {tEFR82a,
        AUTHOR="B. Efron",
        TITLE={The Jackknife, The Bootstrap and Other Resampling Plans},
        series={CBMS-NSF Regional Conference Series in Applied Mathematics},
        volume = {38},
        PUBLISHER={SIAM},
        ADDRESS={Philadelphia},
        YEAR={1982}
}
@article{bib:TWiki:PhysResultsSummary,
  collaboration = {CMS},
  title         = {Combined physics results},
  journal       = {CMS Wiki},
  note          = "\href{https://twiki.cern.ch/twiki/bin/view/CMSPublic/PhysicsResultsCombined}{https://twiki.cern.ch/twiki/bin/view/CMSPublic/PhysicsResultsCombined, Oct. 9, 2015}",
  url           = {https://twiki.cern.ch/twiki/bin/view/CMSPublic/PhysicsResultsCombined},
  year          = {2015}
}